3209 4992
290 414 630 537 .120 '
740 446 953 555 Ἢ

241 736 246 741 ,
329 644 406 727 sam
427 643 495 725 effe
524 645 761 727 anathematis
789 650 936 727 vinculo
962 643 1233 728 confirmamus.
1285 624 1375 721 An

331 758 432 836 enim
453 758 603 858 Golafins
618 759 714 859 Papa
737 772 776 853 c)
791 762 929 862 placuit
945 760 1044 839 enirn
1064 756 1149 834 huic
1173 749 1298 834 noue
1324 771 1372 833 et

202 866 209 871 ’
267 868 268 875 ‘
328 895 464 974 magne
489 870 654 975 Synodo,
688 891 826 973 utres,
860 874 1148 979 uelprivilegia,
1193 893 1265 970 que
1285 869 1374 947 Dei

329 1002 487 1083 ecclesiis
514 998 684 1105 exlongo
699 1004 955 1087 consuetudine
982 998 1193 1106 pertinent,
1225 1017 1263 1077 ct
1284 998 1374 1077 five

330 1118 460 1197 adive
474 1108 737 1197 reconditionis
760 1121 1068 1221 Imperatoribus,
1106 1120 1181 1199 five
1208 1118 1256 1194 ab
1280 1114 1374 1193 aliis
1441 1129 1442 1220 3

333 1234 409 1317 Dei
426 1230 626 1311 cultoribus
651 1232 834 1335 inscriptis
857 1237 1007 1330 donata·
1025 1248 1063 1313 et
1076 1236 1124 1311 ab
1141 1234 1192 1311 eis
1207 1257 1279 1337 per
1298 1256 1375 1340 anf
1441 1299 1442 1342 p

330 1348 569 1450 uns—triginta
589 1348 735 1449 possessa
755 1350 857 1447 sunt,
886 1374 1114 1450 nequaquam
1135 1375 1158 1427 a
1181 1351 1373 1451 potestate
1441 1385 1442 1452 ;

330 1466 519 1570 presulum
533 1490 659 1545 carum
675 1468 1063 1571 quecumquepersone
1081 1469 1259 1548 seculares
1278 1466 1442 1576 sub‹

332 1582 502 1677 trahant,
552 1594 614 1657 aut
637 1604 705 1715 per
728 1600 946 1685 argumenta
967 1582 1150 1680 quaelibet
1177 1580 1373 1662 auferant.
1441 1603 1442 1686 J

333 1699 408 1781 Sed
422 1696 490 1775 fint
507 1696 629 1773 omnia
645 1696 684 1773 in
698 1689 874 1797 potestate
894 1720 937 1775 ac
955 1693 1049 1798 jullu
1068 1696 1222 1798 presulis
1247 1698 1377 1772 eccle

334 1814 386 1895 ne
407 1832 623 1913 quecunque
642 1811 738 1890 intra
764 1810 919 1912 triginta
948 1834 1127 1892 annorum
1142 1812 1301 1912 spatium
1317 1810 1372 1887 ab

329 1924 495 2016 ecclesus
510 1924 657 2024 pollelsa
670 1924 1000 2006 iniistnoscuntur
1017 1925 1178 2027 quisquis
1200 1949 1295 2029 ergo
1314 1925 1374 2003 sc
1441 1965 1442 1980 ι

335 2036 518 2119 cularium
555 2054 684 2117 contra
710 2040 916 2140 presentem
945 2042 1199 2121 diffinitionem
1227 2042 1372 2153 egerit,
1441 2087 1442 2096 o

334 2172 511 2256 tanquam
528 2154 732 2256 Sacrilegus
748 2151 960 2261 judicetur,
991 2176 1027 2240 et
1051 2159 1167 2239 donec
1183 2158 1218 2260 se
1241 2180 1376 2235 corre·
1441 2149 1442 2162 '

333 2276 449 2372 xenio,
479 2289 515 2350 et
537 2270 684 2351 ecclelie
699 2274 851 2376 propria
865 2278 1083 2381 privilegio,
1106 2277 1166 2355 seu
1183 2298 1241 2353 res
1256 2272 1372 2351 resti-

236 2410 238 2417 ’
334 2390 464 2487 tuerit,
488 2390 749 2470 anathemasse.
778 2392 943 2497 facia
898 2419 949 2491 ert
967 2412 1089 2473 autern
1108 2390 1278 2497 premite
1300 2392 1373 2467 do·
1441 2477 1442 2486 Ν

333 2502 438 2587 natio
461 2500 709 2584 attestantibus
736 2506 843 2587 Duce
866 2509 1036 2608 friderico
1060 2508 1295 2606 d)<0ololrico
1322 2510 1374 2585 de‘
1441 2497 1442 2504 ‘

336 2616 567 2729 Ruroingon,
605 2624 727 2697 ottone
755 2611 803 2699 de¹
821 2624 1072 2721 Geroltefogge,
1098 2622 1297 2700 Morbotooc
1322 2624 1374 2700 de

337 2740 464 2834 norro,
491 2734 667 2836 Sigosrido
689 2732 792 2836 hujus
813 2736 970 2817 civitatis
989 2743 1191 2837 advocato,
1220 2736 1376 2836 Sigofri-

226 2942 234 2951 .
339 2875 385 2950 do
408 2867 677 2971 augmento,
696 2874 838 2962 Hogooo
855 2868 1068 2969 CaussdicQ
1102 2873 1270 2949 nruoooo
1285 2889 1376 2968 pre

312 3008 318 3073 ἶ
337 2984 459 3091 polito
481 2985 662 3077 lindegero
679 2986 864 3088 prepofito
878 3003 914 3066 et
930 2987 1006 3066 aliis
1026 3009 1132 3087 quam
1148 2984 1316 3086 plurimis
1331 2988 1377 3079 e)
1441 3053 1442 3056 ι

335 3115 382 3176 et
402 3088 641 3197 privilegium
668 3093 773 3194 hujus
802 3100 860 3197 rei
887 3120 930 3176 eo
964 3116 1129 3195 tempore
1149 3099 1280 3175 datum
1305 3098 1373 3199 est,

343 3209 443 3310 quud
459 3205 610 3308 postea
599 3230 638 3282 on
658 3206 902 3287 destruuiooe
920 3211 1079 3289 Ecclcsre
1097 3210 1219 3287 divino
1234 3204 1373 3309 judicio

340 3327 473 3409 ultimo
486 3323 655 3400 incendio
665 3322 705 3414 f)
717 3325 969 3425 consumptum
980 3331 1045 3425 eli,
1056 3332 1153 3429 uncle
1167 3345 1203 3406 et
1212 3329 1374 3429 hocpri·

292 3488 294 3491 ·
341 3440 520 3543 vilegium
541 3436 739 3517 reformari
750 3438 937 3553 jullimus,
962 3444 1190 3543 temporibus
1218 3465 1373 3543 quoque

333 3556 604 3656 predecessoris
614 3556 686 3635 mel
696 3558 791 3636 bone
807 3582 985 3638 memorre
994 3563 1166 3663 Eprscopr
1179 3563 1375 3640 Gcbebaroli

345 3688 392 3767 p1
395 3664 557 3745 efatusC
570 3668 770 3769 preposrtus
786 3695 909 3750 omnes
926 3672 1174 3754 ministeriales
1188 3676 1268 3755 suos
1286 3700 1372 3754 cum
1441 3754 1443 3759 .

343 3778 497 3879 prediis,
521 3780 602 3859 filiis
621 3799 657 3860 et
679 3808 741 3865 uuo
731 3784 853 3863 iverfis
874 3784 1142 3885 posseffiooibus
1163 3792 1234 3872 suis
1252 3814 1296 3869 eo
1308 3792 1371 3891 ju-

344 3915 414 3993 ιε,
449 3918 520 3995 quo
544 3892 686 3997 priores
712 3898 795 3997 sex,
852 3924 922 4001 per
948 3927 1097 3987 uranum
1125 3908 1292 3985 advocati
1316 3909 1372 3986 sui

164 3986 166 4013 '
286 4084 297 4097 ,
345 4010 453 4089 beate
461 4012 575 4089 Meroe
592 4012 702 4113 legali
716 4012 966 4143 astipulatione
984 4019 1178 4126 delegavit,
1204 4039 1246 4099 ut
1264 4023 1369 4101 vide·

347 4104 457 4204 licet
419 4119 502 4221 tei,
536 4146 646 4225 quam
673 4125 754 4215 diu
756 4126 834 4207 vita
853 4150 972 4209 comes
997 4135 1070 4237 est,
1112 4133 1181 4215 smt
1203 4135 1369 4256 obnoxii,

1324 4276 1369 4335 ac
