3209 4992
335 493 386 573 40
731 457 945 562 *wa

194 713 202 725 κ
287 648 290 657 ’
322 657 767 750 tione-itadecernimus,
793 673 835 735 ut
856 649 1194 763 nullnshaocneiul
1212 642 1365 728 herebi·

338 781 434 860 tario
445 777 527 876 jure
541 775 606 853 srbi
625 775 781 852 debitam
799 775 983 868 sortiatur,
1009 767 1075 848 nifi
1095 767 1155 866 qui
1173 759 1364 842 communi

339 897 401 972 vel
418 892 548 973 saniori
571 891 727 975 fratrum
748 889 926 970 electione
948 885 1192 963 constituatur.
1221 882 1286 979 qui
1307 898 1364 958 ta·

339 1031 425 1091 men
437 1009 633 1084 advocatus
650 1007 770 1082 lorum
787 1004 889 1080 illum
910 1005 965 1080 vel
979 997 1203 1100 poiseffiones
1219 995 1363 1073 ibidem

341 1124 425 1206 Deo
444 1119 684 1199 serviencium
706 1140 891 1216 nunquam
918 1112 1065 1217 injuste,
1087 1112 1166 1188 'vel
1180 1109 1365 1187 violenter

342 1239 514 1340 attingat,
535 1260 610 1312 non
630 1235 737 1312 liceat
757 1237 790 1312 ei
809 1234 923 1315 invito
945 1232 1077 1306 abbate
1101 1224 1365 1306 monasterium

343 1353 488 1455 ipsum,
537 1367 600 1428 out
636 1349 844 1428 monasterii
873 1345 1049 1439 rusticos,
1095 1344 1153 1418 nel
1182 1339 1367 1418 fanniam
1426 1436 1433 1447 ς

343 1467 599 1568 frequentibus
642 1461 810 1562 hospiciis
846 1481 1079 1566 aggravare,
1132 1478 1200 1532 nec
1232 1455 1370 1552 quanli*
1433 1414 1435 1531 i

344 1587 411 1663 bet
425 1575 642 1659 exafflones
663 1576 708 1651 ab
729 1575 780 1652 eis
797 1591 1041 1674 extorquere3
1072 1571 1143 1646 Sed
1161 1593 1229 1646 nec
1243 1570 1369 1668 aliqua
1434 1548 1436 1655 i

215 1731 217 1738 ’
338 1693 635 1806 jurisditiionum
652 1690 786 1791 placita
798 1691 868 1768 nist
878 1691 924 1768 ab
938 1689 1070 1766 abbate
1084 1686 1270 1778 invitatus,
1298 1711 1365 1766 ex.
1436 1682 1437 1747 l

318 1792 328 1876 '.
347 1824 492 1902 erceat,
513 1828 583 1884 nec
599 1806 643 1880 de
661 1803 882 1901 placitorum
903 1801 1073 1897 muratis,
1106 1821 1194 1897 quas
1209 1794 1368 1894 justicias
1437 1814 1438 1889 l

296 1952 300 1964 ¹
343 1935 492 2014 vocant,
515 1916 623 2016 supra
639 1915 792 1992 terciam
807 1932 966 2012 partem,
990 1935 1060 2012 que
1076 1911 1129 1987 illi
1151 1933 1198 1988 ex
1217 1912 1369 1990 corsua
1438 1948 1439 1981 l

344 2035 472 2118 tudine
499 2030 678 2125 debetur,
704 2027 881 2129 accipiat,
908 2028 1052 2104 illorum
1080 2039 1220 2102 tantum
1239 2027 1372 2104 vidali-

347 2169 407 2229 cet
424 2150 656 2253 placitorum,
684 2150 816 2247 adque
835 2149 880 2226 ab
899 2146 1033 2222 abbate
1048 2145 1219 2223 invitatus
1237 2145 1369 2232 fuerit.
1440 2214 1441 2217 l

348 2268 453 2368 quisi
468 2270 539 2345 boc
554 2263 791 2364 transgreiirr
812 2265 1027 2347 monasterio
1052 2281 1219 2363 repertus
1235 2263 1379 2364 fuerit,

325 2402 384 2463 .et
410 2383 565 2464 fecundo
585 2381 742 2458 tertiove
764 2380 1007 2461 commonitus
1029 2383 1173 2478 culpam
1190 2405 1264 2458 non
1284 2407 1369 2460 cor-

344 2501 502 2599 rexerit,
526 2514 648 2594 amoto
666 2521 725 2594 eo,
748 2497 854 2593 alius,
866 2499 927 2597 qui
945 2495 1140 2598 placuerit,
1153 2479 1215 2575 au't
1229 2501 1371 2599 nullus,

344 2610 581 2716 fiplaruerit,
604 2610 847 2688 substituatur.
898 2612 991 2687 Illud
1011 2633 1154 2708 quoque
1175 2600 1370 2714 “subjungi-

343 2751 439 2822 ωας,
454 2728 521 2817 ,vel
540 2749 588 2804 ex
604 2726 700 2802 beati
725 2726 884 2816 Gregorii
901 2728 994 2823 Pape
1025 2725 1207 2803 sentencia
1234 2727 1373 2808 diffini.

327 2859 441 2934 mus,
468 2861 515 2914 ne
528 2836 599 2922 loci
614 2833 773 2938 ejusdem
788 2825 926 2914 fratres¹
942 2839 986 2914 de
997 2837 1167 2916 carrucis
1187 2835 1279 2935 suis,
1305 2842 1370 2920 vel

346 2955 567 3055 quibuslibet
583 2955 791 3052 laboribus,
817 2953 890 3033 five
907 2952 1138 3035 nutrimentis
1154 2955 1313 3053 propriis
1325 2956 1368 3033 in

345 3065 448 3148 valle
470 3072 675 3150 monasterii
703 3062 1090 3175 parochialiunquam
1113 3070 1371 3150 ecclesrered-

346 3189 434 3276 dere
450 3186 630 3279 decimas,
666 3185 726 3262 sen
756 3188 937 3284 primitias
964 3188 1180 3287 exigantur,
1227 3190 1372 3269 Locum

342 3301 467 3397 itaque
484 3297 586 3373 illum
605 3295 811 3376 omnimoda
826 3298 996 3376 libertate
1017 3301 1204 3394 donatum,
1227 3314 1302 3379 tam
1317 3305 1368 3380 ab

241 3497 243 3502 ,
332 3414 446 3495 omni
466 3410 673 3492 mortalium
691 3404 789 3507 jure,
816 3434 925 3508 quam
945 3414 992 3489 ab
1009 3415 1109 3490 omni
1124 3415 1371 3496 molestiarum

342 3528 542 3610 temeraria
567 3525 819 3626 inquietudine
844 3544 964 3606 tutum
993 3528 1144 3629 semper·
1167 3547 1206 3610 et
1228 3531 1372 3610 absolu·

211 3693 216 3720 t
346 3657 426 3719 tum
451 3640 534 3718 fore
558 3641 809 3736 decernimus,
836 3657 873 3718 et
887 3640 1078 3718 abbaciam
1096 3642 1171 3720 illic
1189 3663 1370 3744 perpetuo

342 3753 492 3852 haberi,
541 3776 584 3830 ac
608 3753 671 3832 sub
698 3755 891 3852 apostolice
914 3755 1005 3832 sedis
1030 3762 1142 3850 tutela
1163 3760 1369 3859 specialiter
1430 3837 1434 3846 ,

245 3962 253 3985 λ
343 3871 512 3974 protegi,
546 3893 772 3971 aureumque
798 3897 845 3950 ex
868 3875 939 3951 hoc
958 3872 1151 3952 bizantium
1172 3877 1369 3975 apostolico

231 3985 234 3992 ’
272 3993 273 4000 '
342 3989 485 4096 palacio
503 3986 709 4067 annualiter
732 3979 1036 4088 persolvendum,
1072 4014 1117 4070 ac
1137 4009 1262 4095 preter
1279 3992 1371 4092 ejus·

335 4117 435 4200 ¹clem
468 4119 592 4200 census
615 4119 780 4202 debitunt
796 4119 891 4202 nihil
915 4122 1099 4207 servitutis
1112 4126 1279 4206 Romane
1296 4128 1370 4318 ffe-

420 4269 429 4282 ·
1289 4261 1367 4318 ce-
