3209 4992
333 456 409 541 aal
521 565 525 570 ,
649 501 654 509 ,
729 440 944 551 m·
1029 476 1033 499 ·

218 746 221 749 y
393 646 626 729 'annea
651 661 702 750 rie
722 632 771 724 e'ii
793 636 982 721 eracliana
1004 632 1127 717 nullia
1150 628 1365 735 hujusmodi
1438 648 1439 713 l

334 758 539 869 parochiali
556 754 736 835 Ecclesiae
753 753 966 855 praediilae
996 749 1143 853 ejusque
1168 774 1240 853 prii
1266 767 1364 829 terii·

338 904 431 986 pore
453 872 677 957 Redlorilius
699 870 893 953 minimum
906 868 1173 975 praejudicium
1199 891 1365 971 genere-

336 1008 398 1073 tur
417 1006 454 1067 et
467 1003 508 1066 ut
534 982 784 1064 diffensioiiom
805 986 953 1065 tollatur
974 986 1151 1083 materia,
1175 988 1365 1083 volumus,
1439 1068 1440 1077 p

334 1101 528 1185 hammus.
541 1114 579 1177 et
592 1096 800 1179 ordinamus
817 1100 915 1201 quod
934 1095 1054 1178 didiae
1066 1101 1262 1202 cappellae
1274 1119 1365 1195 cap·

335 1208 474 1321 pellani
510 1215 572 1296 seu
592 1216 800 1297 beneficiati
825 1218 925 1299 infra
949 1217 1084 1298 limites
1111 1220 1272 1323 ejusdem
1295 1240 1366 1320 pa·

335 1330 506 1415 rochiniis
521 1329 703 1409 Ecclesiae
729 1328 870 1409 nemini
894 1330 1118 1428 sacramenta
1145 1331 1219 1411 sive
1243 1332 1367 1413 sacra-

336 1447 511 1530 mentalia
530 1444 779 1525 Ecclesiastico
795 1446 1021 1544 ministrare,
1059 1470 1132 1527 nec
1153 1448 1199 1543 de
1217 1444 1366 1525 aclibus

336 1562 530 1669 plebaniae
547 1562 620 1641 sive
629 1557 776 1663 juribus
789 1562 1061 1665 parochialibus
1081 1562 1364 1664 quibuscunque

247 1785 251 1796 ι
337 1688 376 1771 se
398 1683 642 1765 intromittere
667 1698 778 1782 atque
810 1684 974 1785 expresso
998 1682 1171 1765 consensu
1187 1682 1365 1764 Resloiic
1441 1726 1442 1739 2

338 1797 555 1906 parochialis
572 1796 752 1877 Ecclesiae
772 1798 961 1900 praefatae
982 1815 1044 1879 aut
1062 1802 1184 1879 locum
1204 1799 1366 1879 tenentis

337 1914 522 2019 ejusdem,
545 1914 621 1995 nisi
636 1914 675 1994 in
693 1913 778 1994 casu
791 1917 1014 2019 emergentis
1034 1932 1147 2019 prout
1161 1930 1198 1994 et
1216 1914 1366 2015 qnando
1442 2012 1443 2023 Ν

219 2024 228 2044 '
334 2032 394 2139 jis
414 2033 453 2110 id
479 2031 561 2115 lieri
586 2018 794 2134 permittit3
839 2030 901 2112 sed
922 2054 1040 2132 neque
1065 2032 1213 2129 domos,
1238 2052 1366 2131 agros,

205 2209 208 2236 ,
338 2149 485 2239 vincas,
514 2147 665 2250 praedia
692 2146 849 2227 actalia
871 2146 970 2227 bona
1000 2145 1069 2227 fibi
1089 2160 1153 2225 aut
1176 2148 1368 2246 cappellae

178 2288 186 2296 '
340 2261 551 2375 praediilae
591 2268 634 2344 in.
660 2265 926 2373 praeiudicium
966 2284 1003 2346 et
1029 2262 1199 2345 offensam
1222 2262 1369 2365 jurium

284 2425 286 2432 ι
340 2378 606 2485 parochialium
623 2378 810 2479 applicare
825 2398 890 2461 aut
905 2381 1147 2485 applicatioiii
1156 2377 1368 2482 hujusmodi
1443 2374 1444 2395 ¹

277 2568 283 2577 ,
337 2491 589 2599 praejudiciali
610 2490 811 2574 consentire
833 2510 896 2575 aut
910 2495 1094 2576 ecclesiam
1112 2493 1365 2599 parochialem
1444 2480 1445 2559 l

296 2636 301 2641 ·
339 2607 566 2716 praediilam
585 2607 778 2709 injurians
804 2608 876 2689 suis
902 2610 1083 2711 impedire
1102 2609 1230 2711 quov'n
1252 2610 1368 2687 modo
1444 2602 1445 2671 ὲ

339 2726 586 2829 praesumant.
650 2725 796 2805 Deinde
811 2730 999 2826 volumus,
1036 2728 1221 2807 statuimus
1244 2742 1282 2804 et
1304 2750 1368 2807 oi·

225 2858 243 2887 ²
340 2826 508 2915 dinamus
534 2834 632 2935 quod
646 2836 850 2937 cappellani
874 2850 912 2917 et
938 2835 1147 2916 beneficiati
1176 2838 1366 2936 cappellae

339 2946 529 3054 praefatae
551 2951 708 3029 debeant
734 2950 897 3037 Redlori'
912 2950 1031 3031 didiae
1060 2950 1283 3053 parochialia
1292 2954 1367 3039 Ec.

340 3063 469 3144 clasiae
483 3086 553 3163 pro
568 3082 735 3166 tempore
752 3067 918 3147 exilienti
938 3070 983 3147 dc
1002 3066 1170 3175 omnibus
1187 3082 1223 3145 ct
1241 3065 1367 3168 singu·

274 3199 276 3202 ’
341 3180 386 3273 lis
406 3178 650 3259 oblationibus
675 3182 721 3257 ad
737 3182 866 3261 altaria
899 3181 1018 3262 didiae
1033 3182 1217 3285 cappellae
1236 3183 1367 3264 oblatis

340 3291 491 3377 realiter
518 3307 555 3368 et
580 3314 663 3394 cuin
687 3291 823 3371 effeiiu
851 3296 1111 3397 respondere,
1156 3293 1368 3382 itascilicet

344 3400 442 3506 quod
459 3402 660 3483 oblationes
679 3404 885 3508 hujusmodi
906 3410 1026 3491 eidem
1041 3408 1196 3493 Reilori
1218 3408 1368 3509 integre

255 3583 261 3604 ,
294 3578 298 3581 ·
337 3522 382 3597 et
398 3515 476 3595 sme'
486 3516 726 3616 diminutione
751 3522 1027 3625 praesententur
1048 3528 1158 3605 modo
1181 3541 1218 3603 et
1237 3524 1368 3612 fornia

344 3632 390 3711 de
410 3631 542 3731 quibos
560 3633 702 3717 Reiior
719 3655 758 3718 et
780 3642 982 3742 cappellani
1007 3640 1188 3746 praediiii
1211 3660 1370 3721 concor·

344 3750 525 3843 daverint,
550 3754 610 3829 vel
632 3773 744 3853 prout
761 3756 953 3840 c'avebitur
977 3760 1017 3842 in
1040 3762 1178 3840 statutis
1204 3758 1369 3839 edendis'.

330 3864 521 3947 *Volumus
548 3867 658 3948 etiam
676 3887 714 3950 et
743 3875 950 3957 ordinamus
972 3880 1069 3979 quod
1089 3875 1277 3981 praefatae
1298 3898 1369 3973 pa·

283 4022 286 4025 ·
342 3982 512 4064 rochialis
528 3987 709 4069 Ecclesiae
724 3990 865 4071 Reilor
878 4018 947 4094 pro
965 4014 1133 4095 tempore
1148 3994 1305 4095 existens
1319 3998 1368 4075 de

343 4100 509 4205 munch,
535 4100 667 4183 tabidis
690 4122 729 4187 ct
750 4106 972 4211 imaginibus
1002 4112 1042 4193 iii
1074 4108 1172 4223 dldla
1202 4113 1370 4215 cappella

1304 4262 1368 4331 qr-
