3209 4992
343 455 394 530 ‚0
747 429 960 536 *W
1027 463 1034 468 ·

343 627 524 709 obtinere.
583 623 628 704 In
653 623 741 706 villa
770 624 979 707 Hieteulelm
997 627 1043 718 b)
1067 625 1119 706 est
1142 627 1374 708 dominicalis

263 835 272 846 ⁴
344 748 481 826 churtis
500 747 548 822 ad
564 745 809 822 Puemlacum
823 748 860 841 c)
877 768 960 822 cum
976 747 1117 839 banno,
1144 767 1226 821 cum
1241 747 1374 848 Eccle-

311 861 414 970 sla,
447 885 529 938 cum
560 849 835 938 omni'ut-ilitate
862 857 1051 958 etjustitia
1070 858 1282 959 pertinens,
1312 861 1375 938 sed

344 985 415 1063 hoc
437 982 573 1062 scilicet
590 984 634 1060 de
651 979 786 1082 justitia
808 983 979 1061 ecclesiae
1001 983 1175 1086 ignorans
1200 983 1375 1062 dominus

341 1104 537 1204 Auelgodus
548 1099 824 1198 corepiscopus,
834 1099 874 1190 tl)
898 1099 1127 1178 suadentibus
1145 1114 1184 1177 et
1203 1099 1375 1178 tinniren-
1404 1186 1410 1207 ¹

342 1216 439 1296 tibus
468 1210 696 1312 parochianis
734 1210 922 1292 inferioris
940 1213 1119 1295 Ecclesiae
1141 1235 1232 1311 quae
1253 1211 1375 1307 straz-

339 1325 616 1428 burcpertinet,
650 1327 765 1406 voluit
788 1325 984 1425 inquilinos
1009 1324 1303 1405 Paterniaceuses
1329 1322 1374 1398 il-

332 1449 424 1544 ¹luc,
461 1446 530 1520 lroc
554 1444 627 1536 est,
677 1445 722 1518 ad
748 1442 966 1521 inferiorern
984 1447 1160 1550 capellam
1176 1445 1223 1520 ad
1240 1441 1301 1543 jus
1330 1443 1375 1518 ad

341 1557 627 1646 raciouationenr
657 1559 935 1638 Christianitatis
969 1561 1201 1659 compellere.
1253 1559 1376 1638 Deni-

341 1695 412 1773 que
427 1675 473 1748 arl
490 1671 529 1745 id
546 1670 655 1748 etiam
671 1695 728 1749 res
751 1670 908 1752 dedusla
929 1675 1000 1772 est,
1027 1689 1067 1752 ut
1089 1674 1280 1760 homiues,
1306 1670 1373 1774 qui
1438 1768 1440 1771 Ι

338 1791 385 1866 ad
399 1787 643 1866 Parteniorum
660 1793 861 1890 pertinent,
891 1791 937 1868 ab
958 1791 1027 1868 hac
1042 1790 1268 1870 incusatione
1287 1813 1372 1867 can-
1438 1788 1440 1895 l

339 1903 535 2004 dentiferru
552 1901 714 1982 eximere
730 1907 764 1983 se
772 1903 998 2006 judicialiter
1017 1903 1155 1981 necesse
1172 1905 1369 1987 haberent.

337 2021 666 2123 quodproposttutn
675 2021 741 2122 ipsu
756 2023 864 2100 etiam
874 2019 1049 2120 intrepidi
1058 2010 1366 2121 etpronrptissiuri
1438 2062 1441 2102 l

339 2133 586 2237 susceperuut,
616 2161 772 2234 cumque
781 2141 883 2242 ferro
892 2135 967 2236 janu
978 2135 1100 2230 ignito,
1125 2152 1160 2212 et
1169 2137 1371 2214 benedisiio-
1439 2221 1440 2233 Ν

337 2254 439 2333 ullus
463 2253 649 2352 Coafiguito
675 2255 734 2347 isti
755 2257 801 2330 ad
823 2253 1042 2353 portandum
1070 2248 1257 2353 justititiae
1275 2254 1370 2339 ‚suae
1440 2240 1442 2285 ¹

336 2389 491 2450 examen
507 2369 730 2448 confidenter
747 2369 916 2463 astarent,
942 2365 996 2442 illi
1009 2389 1056 2443 ex
1070 2364 1220 2442 aduersa
1240 2392 1365 2474 parte,
1439 2370 1442 2467 ,'

335 2479 400 2584 qui
422 2476 505 2556 illos
526 2479 615 2557 srcut
644 2496 859 2584 coeperant,
880 2477 1001 2580 Jurata
1027 2494 1063 2554 et
1083 2477 1248 2576 legitima
1270 2507 1373 2584 pro·‚

314 2592 511 2701 positione
526 2593 690 2704 incusare
710 2595 935 2688 debuerant,
959 2615 1006 2670 ex
1017 2591 1203 2669 Sententia
1218 2591 1281 2670 sua
1298 2597 1367 2674 de·
1441 2650 1442 2659 κ

335 2723 516 2803 fecerunt.
568 2719 665 2801 Hinc
690 2721 774 2822 quia
798 2721 1031 2800 manifestum
1050 2718 1120 2817 est,
1148 2723 1368 2818 quodnuscii

323 2837 389 2932 llll
404 2847 594 2946 veritatis,
634 2847 737 2949 prius
767 2844 899 2949 inlqua'
919 2847 1157 2947 molirentur,
1183 2843 1366 2948 omniun,

335 2967 398 3074 qui
418 2970 591 3064 aderaut,
627 2966 812 3048 communi
837 2961 977 3068 judicio
1003 2969 1189 3046 decretum
1215 2963 1288 3070 est,
1304 2970 1367 3058 'ut

204 3097 207 3111 ¹
306 3081 308 3088 ’
331 3080 494 3166 familiae
510 3076 788 3156 Paternlaeenfis
806 3079 1014 3157 monasterii
1038 3077 1175 3180 iustitia
1194 3083 1260 3186 sua
1272 3112 1364 3166 con-

330 3199 460 3291 staret,
496 3209 532 3269 et
552 3191 665 3268 insuu
691 3207 831 3270 tantum
852 3195 1031 3293 Ecclesia,
1066 3220 1141 3274 non
1159 3201 1270 3300 alibi,
1297 3203 1363 3306 jus

330 3303 618 3396 Ecclesrasticum
637 3301 887 3416 persolverent
900 3302 1167 3405 e'tacciperent.
1191 3321 1362 3412 promul-

329 3439 417 3527 gata
433 3419 482 3500 est
495 3415 586 3498 haec
603 3419 727 3494 eadem
747 3416 851 3493 causa
868 3417 1040 3516 usquead
1053 3441 1273 3502 conuentum
1287 3431 1359 3506 Ge-

206 3557 210 3563 ·
328 3537 474 3616 bulardi
502 3530 763 3634 argentiuenfis
781 3529 975 3630 Episcopi,
1020 3537 1117 3632 quod
1146 3539 1359 3640 Capitulum

203 3729 208 3743 p
276 3678 281 3694 ¹
327 3651 475 3738 vocant,
501 3646 603 3728 eribi
624 3646 728 3726 limili
744 3647 852 3725 modo
874 3646 1100 3747 diffinitaest,
1126 3655 1357 3752 presentibus

322 3763 489 3868 ejusdem
509 3765 656 3841 eccleste
675 3764 837 3863 personis
856 3763 1070 3866 majoribus,
1095 3767 1232 3850 scilicet
1246 3775 1356 3851 Auel-

190 3949 192 3960 ,
326 3883 411 3994 poulo
424 3875 641 3978 praeposrto,
669 3879 827 3956 Bertoldo
842 3879 1013 3978 custode,
1026 3883 1177 3984 Berrolfo
1187 3901 1353 3986 cantore,

329 3994 491 4098 Orotan
515 3988 763 4070 Cammerario
797 4003 835 4070 et
868 3992 1020 4070 caeteris
1037 4016 1144 4092 quam
1165 3998 1348 4096 pluribus.

325 4109 487 4192 Nomina
508 4112 630 4188 auteur
652 4102 903 4226 probabilium
926 4107 1096 4208 testium,
1140 4113 1204 4213 qui
1228 4113 1350 4217 priori

1264 4242 1349 4314 exar-
