<?xml version="1.0" encoding="UTF-8"?>
<!DOCTYPE html PUBLIC "-//W3C//DTD XHTML 1.0 Transitional//EN"
    "http://www.w3.org/TR/xhtml1/DTD/xhtml1-transitional.dtd">
<html xmlns="http://www.w3.org/1999/xhtml" xml:lang="en" lang="en">
 <head>
  <title>
</title>
<meta http-equiv="Content-Type" content="text/html;charset=utf-8" />
  <meta name='ocr-system' content='tesseract 3.04.00' />
  <meta name='ocr-capabilities' content='ocr_page ocr_carea ocr_par ocr_line ocrx_word'/>
</head>
<body>
  <div class='ocr_page' id='page_1' title='image "./novasubsidiadip00wrgoog/novasubsidiadip00wrgoog_0471.png"; bbox 0 0 3209 4992; ppageno 0'>
   <div class='ocr_carea' id='block_1_1' title="bbox 152 436 1424 4232">
    <p class='ocr_par' dir='ltr' id='par_1_1' title="bbox 152 436 1424 4232">
     <span class='ocr_line' id='line_1_1' title="bbox 663 436 1274 547; baseline 0.011 -6"><span class='ocrx_word' id='word_1_1' title='bbox 663 436 877 545; x_wconf 60' lang='lat' dir='ltr'>*m</span> <span class='ocrx_word' id='word_1_2' title='bbox 1158 449 1274 547; x_wconf 70' lang='lat' dir='ltr'>au</span> 
     </span>
     <span class='ocr_line' id='line_1_2' title="bbox 332 577 1312 619; baseline 0 0"><span class='ocrx_word' id='word_1_3' title='bbox 332 577 335 588; x_wconf 81' lang='lat'><strong>¹</strong></span> <span class='ocrx_word' id='word_1_4' title='bbox 627 590 629 594; x_wconf 93' lang='lat'>·</span> <span class='ocrx_word' id='word_1_5' title='bbox 1305 587 1312 619; x_wconf 86' lang='lat' dir='ltr'>t</span> 
     </span>
     <span class='ocr_line' id='line_1_3' title="bbox 248 634 1283 736; baseline -0.01 -13"><span class='ocrx_word' id='word_1_6' title='bbox 248 637 412 723; x_wconf 82' lang='lat' dir='ltr'>minium</span> <span class='ocrx_word' id='word_1_7' title='bbox 434 634 571 736; x_wconf 78' lang='lat' dir='ltr'>redigi,</span> <span class='ocrx_word' id='word_1_8' title='bbox 594 634 822 716; x_wconf 85' lang='lat' dir='ltr'>iideeimam</span> <span class='ocrx_word' id='word_1_9' title='bbox 840 634 1032 717; x_wconf 72' lang='lat' dir='ltr'>frusiuum</span> <span class='ocrx_word' id='word_1_10' title='bbox 1059 647 1098 716; x_wconf 91' lang='lat' dir='ltr'>et</span> <span class='ocrx_word' id='word_1_11' title='bbox 1122 654 1283 733; x_wconf 82' lang='lat' dir='ltr'>proven·</span> 
     </span>
     <span class='ocr_line' id='line_1_4' title="bbox 253 729 1282 838; baseline -0.007 -20"><span class='ocrx_word' id='word_1_12' title='bbox 253 758 362 817; x_wconf 88' lang='lat' dir='ltr'>tuum</span> <span class='ocrx_word' id='word_1_13' title='bbox 381 736 643 814; x_wconf 81' lang='lat' dir='ltr'>beneficiorum</span> <span class='ocrx_word' id='word_1_14' title='bbox 658 729 865 838; x_wconf 81' lang='lat' dir='ltr'>bostrorum</span> <span class='ocrx_word' id='word_1_15' title='bbox 886 758 956 837; x_wconf 88' lang='lat' dir='ltr'>per</span> <span class='ocrx_word' id='word_1_16' title='bbox 974 730 1228 827; x_wconf 80' lang='lat' dir='ltr'>sandlissimum</span> <span class='ocrx_word' id='word_1_17' title='bbox 1239 732 1282 811; x_wconf 89' lang='lat' dir='ltr'>in</span> 
     </span>
     <span class='ocr_line' id='line_1_5' title="bbox 256 828 1283 935; baseline -0.008 -20"><span class='ocrx_word' id='word_1_18' title='bbox 256 837 342 935; x_wconf 88' lang='lat' dir='ltr'>Xpo</span> <span class='ocrx_word' id='word_1_19' title='bbox 362 836 504 911; x_wconf 88' lang='lat' dir='ltr'>Patrem</span> <span class='ocrx_word' id='word_1_20' title='bbox 525 853 561 908; x_wconf 91' lang='lat' dir='ltr'>et</span> <span class='ocrx_word' id='word_1_21' title='bbox 569 832 768 909; x_wconf 89' lang='lat' dir='ltr'>Dominum</span> <span class='ocrx_word' id='word_1_22' title='bbox 787 830 948 913; x_wconf 88' lang='lat' dir='ltr'>nostrum</span> <span class='ocrx_word' id='word_1_23' title='bbox 958 834 1083 910; x_wconf 88' lang='lat' dir='ltr'>Dntlm</span> <span class='ocrx_word' id='word_1_24' title='bbox 1103 828 1283 907; x_wconf 71' lang='lat' dir='ltr'>urbanae</span> 
     </span>
     <span class='ocr_line' id='line_1_6' title="bbox 257 925 1284 1028; baseline -0.009 -17"><span class='ocrx_word' id='word_1_25' title='bbox 257 933 386 1011; x_wconf 89' lang='lat' dir='ltr'>divina</span> <span class='ocrx_word' id='word_1_26' title='bbox 406 928 636 1024; x_wconf 88' lang='lat' dir='ltr'>providentia</span> <span class='ocrx_word' id='word_1_27' title='bbox 653 931 785 1028; x_wconf 87' lang='lat' dir='ltr'>Papam</span> <span class='ocrx_word' id='word_1_28' title='bbox 811 952 982 1026; x_wconf 87' lang='lat' dir='ltr'>quartum</span> <span class='ocrx_word' id='word_1_29' title='bbox 1003 926 1108 1007; x_wconf 88' lang='lat' dir='ltr'>nobis</span> <span class='ocrx_word' id='word_1_30' title='bbox 1127 940 1171 1003; x_wconf 92' lang='lat' dir='ltr'>ut</span> <span class='ocrx_word' id='word_1_31' title='bbox 1196 925 1284 1003; x_wconf 87' lang='lat' dir='ltr'>dici-</span> 
     </span>
     <span class='ocr_line' id='line_1_7' title="bbox 258 1018 1284 1198; baseline -0.006 -89"><span class='ocrx_word' id='word_1_32' title='bbox 258 1030 482 1109; x_wconf 82' lang='lat' dir='ltr'>tur-noviter</span> <span class='ocrx_word' id='word_1_33' title='bbox 499 1026 701 1123; x_wconf 82' lang='lat' dir='ltr'>impositam</span> <span class='ocrx_word' id='word_1_34' title='bbox 718 1028 857 1105; x_wconf 88' lang='lat' dir='ltr'>solvere</span> <span class='ocrx_word' id='word_1_35' title='bbox 876 1044 1114 1129; x_wconf 74' lang='lat' dir='ltr'>cogeremur,</span> <span class='ocrx_word' id='word_1_36' title='bbox 1159 1018 1225 1198; x_wconf 53' lang='lat'>¹³2⁵</span> <span class='ocrx_word' id='word_1_37' title='bbox 1246 1038 1284 1103; x_wconf 89' lang='lat' dir='ltr'>et</span> 
     </span>
     <span class='ocr_line' id='line_1_8' title="bbox 253 1121 1282 1227; baseline -0.006 -22"><span class='ocrx_word' id='word_1_38' title='bbox 253 1126 335 1227; x_wconf 84' lang='lat' dir='ltr'>alijs</span> <span class='ocrx_word' id='word_1_39' title='bbox 357 1125 395 1201; x_wconf 91' lang='lat' dir='ltr'>in</span> <span class='ocrx_word' id='word_1_40' title='bbox 413 1124 570 1201; x_wconf 87' lang='lat' dir='ltr'>nostram</span> <span class='ocrx_word' id='word_1_41' title='bbox 586 1123 919 1202; x_wconf 64' lang='lat' dir='ltr'>consideracionem</span> <span class='ocrx_word' id='word_1_42' title='bbox 936 1121 1104 1213; x_wconf 14' lang='lat' dir='ltr'>*rennuis</span> <span class='ocrx_word' id='word_1_43' title='bbox 1120 1137 1177 1199; x_wconf 89' lang='lat' dir='ltr'>tra</span> <span class='ocrx_word' id='word_1_44' title='bbox 1217 1141 1282 1201; x_wconf 85' lang='lat' dir='ltr'>are</span> 
     </span>
     <span class='ocr_line' id='line_1_9' title="bbox 258 1217 1283 1324; baseline -0.004 -23"><span class='ocrx_word' id='word_1_45' title='bbox 258 1224 423 1324; x_wconf 81' lang='lat' dir='ltr'>cepimus</span> <span class='ocrx_word' id='word_1_46' title='bbox 456 1220 650 1323; x_wconf 84' lang='lat' dir='ltr'>diligenter</span> <span class='ocrx_word' id='word_1_47' title='bbox 673 1223 718 1297; x_wconf 90' lang='lat' dir='ltr'>de</span> <span class='ocrx_word' id='word_1_48' title='bbox 736 1220 801 1319; x_wconf 87' lang='lat' dir='ltr'>vijs</span> <span class='ocrx_word' id='word_1_49' title='bbox 827 1236 864 1296; x_wconf 92' lang='lat' dir='ltr'>et</span> <span class='ocrx_word' id='word_1_50' title='bbox 884 1223 1001 1299; x_wconf 90' lang='lat' dir='ltr'>modis</span> <span class='ocrx_word' id='word_1_51' title='bbox 1028 1217 1139 1319; x_wconf 80' lang='lat' dir='ltr'>licitis¹</span> <span class='ocrx_word' id='word_1_52' title='bbox 1159 1236 1194 1295; x_wconf 90' lang='lat' dir='ltr'>et</span> <span class='ocrx_word' id='word_1_53' title='bbox 1215 1220 1283 1321; x_wconf 71' lang='lat' dir='ltr'>lio·</span> 
     </span>
     <span class='ocr_line' id='line_1_10' title="bbox 253 1315 1280 1419; baseline -0.009 -19"><span class='ocrx_word' id='word_1_54' title='bbox 253 1322 379 1414; x_wconf 82' lang='lat' dir='ltr'>uestis,</span> <span class='ocrx_word' id='word_1_55' title='bbox 405 1318 535 1419; x_wconf 87' lang='lat' dir='ltr'>quibus</span> <span class='ocrx_word' id='word_1_56' title='bbox 557 1318 821 1414; x_wconf 78' lang='lat' dir='ltr'>mediantibus,</span> <span class='ocrx_word' id='word_1_57' title='bbox 846 1316 942 1396; x_wconf 80' lang='lat' dir='ltr'>salva</span> <span class='ocrx_word' id='word_1_58' title='bbox 957 1319 1097 1417; x_wconf 82' lang='lat' dir='ltr'>semper</span> <span class='ocrx_word' id='word_1_59' title='bbox 1113 1315 1280 1395; x_wconf 84' lang='lat' dir='ltr'>debitaS.</span> 
     </span>
     <span class='ocr_line' id='line_1_11' title="bbox 255 1413 1284 1515; baseline -0.01 -14"><span class='ocrx_word' id='word_1_60' title='bbox 255 1419 350 1501; x_wconf 84' lang='lat' dir='ltr'>sedis</span> <span class='ocrx_word' id='word_1_61' title='bbox 367 1415 571 1515; x_wconf 85' lang='lat' dir='ltr'>Apostolice</span> <span class='ocrx_word' id='word_1_62' title='bbox 586 1431 624 1489; x_wconf 91' lang='lat' dir='ltr'>et</span> <span class='ocrx_word' id='word_1_63' title='bbox 640 1415 850 1492; x_wconf 82' lang='lat' dir='ltr'>Reverendi</span> <span class='ocrx_word' id='word_1_64' title='bbox 868 1418 906 1493; x_wconf 91' lang='lat' dir='ltr'>in</span> <span class='ocrx_word' id='word_1_65' title='bbox 925 1418 1006 1515; x_wconf 86' lang='lat' dir='ltr'>Xpo</span> <span class='ocrx_word' id='word_1_66' title='bbox 1018 1413 1132 1513; x_wconf 82' lang='lat' dir='ltr'>patris</span> <span class='ocrx_word' id='word_1_67' title='bbox 1147 1416 1284 1513; x_wconf 70' lang='lat' dir='ltr'>et-Do⁴</span> 
     </span>
     <span class='ocr_line' id='line_1_12' title="bbox 257 1510 1283 1615; baseline -0.006 -19"><span class='ocrx_word' id='word_1_68' title='bbox 257 1513 352 1596; x_wconf 89' lang='lat' dir='ltr'>mini</span> <span class='ocrx_word' id='word_1_69' title='bbox 377 1510 487 1589; x_wconf 89' lang='lat' dir='ltr'>nostri</span> <span class='ocrx_word' id='word_1_70' title='bbox 512 1511 794 1609; x_wconf 87' lang='lat' dir='ltr'>Archiepiscopi</span> <span class='ocrx_word' id='word_1_71' title='bbox 811 1513 1024 1615; x_wconf 85' lang='lat' dir='ltr'>Moguntini</span> <span class='ocrx_word' id='word_1_72' title='bbox 1056 1510 1283 1590; x_wconf 78' lang='lat' dir='ltr'>oratiorum</span> 
     </span>
     <span class='ocr_line' id='line_1_13' title="bbox 257 1604 1317 1714; baseline -0.003 -24"><span class='ocrx_word' id='word_1_73' title='bbox 257 1612 466 1691; x_wconf 82' lang='lat' dir='ltr'>nostrorum</span> <span class='ocrx_word' id='word_1_74' title='bbox 485 1607 713 1705; x_wconf 86' lang='lat' dir='ltr'>superiorum</span> <span class='ocrx_word' id='word_1_75' title='bbox 737 1609 972 1708; x_wconf 71' lang='lat' dir='ltr'>obediencia,</span> <span class='ocrx_word' id='word_1_76' title='bbox 998 1628 1107 1709; x_wconf 86' lang='lat' dir='ltr'>quam</span> <span class='ocrx_word' id='word_1_77' title='bbox 1124 1609 1161 1689; x_wconf 91' lang='lat' dir='ltr'>in</span> <span class='ocrx_word' id='word_1_78' title='bbox 1176 1604 1290 1714; x_wconf 17' lang='lat' dir='ltr'>puts-¹</span> <span class='ocrx_word' id='word_1_79' title='bbox 1304 1615 1317 1691; x_wconf 54' lang='lat'>,¹</span> 
     </span>
     <span class='ocr_line' id='line_1_14' title="bbox 255 1705 1285 1805; baseline -0.002 -18"><span class='ocrx_word' id='word_1_80' title='bbox 255 1709 393 1787; x_wconf 87' lang='lat' dir='ltr'>bilibus</span> <span class='ocrx_word' id='word_1_81' title='bbox 420 1705 525 1801; x_wconf 86' lang='lat' dir='ltr'>nobis</span> <span class='ocrx_word' id='word_1_82' title='bbox 554 1705 831 1805; x_wconf 84' lang='lat' dir='ltr'>quibuscunque</span> <span class='ocrx_word' id='word_1_83' title='bbox 859 1709 1048 1785; x_wconf 85' lang='lat' dir='ltr'>attendere</span> <span class='ocrx_word' id='word_1_84' title='bbox 1075 1724 1122 1783; x_wconf 55' lang='lat' dir='ltr'>et*</span> <span class='ocrx_word' id='word_1_85' title='bbox 1139 1707 1285 1785; x_wconf 75' lang='lat' dir='ltr'>srervare</span> 
     </span>
     <span class='ocr_line' id='line_1_15' title="bbox 255 1802 1410 1901; baseline 0 -20"><span class='ocrx_word' id='word_1_86' title='bbox 255 1808 462 1898; x_wconf 86' lang='lat' dir='ltr'>vellemus,</span> <span class='ocrx_word' id='word_1_87' title='bbox 485 1803 747 1899; x_wconf 85' lang='lat' dir='ltr'>aprestacione</span> <span class='ocrx_word' id='word_1_88' title='bbox 776 1802 922 1901; x_wconf 86' lang='lat' dir='ltr'>prefate</span> <span class='ocrx_word' id='word_1_89' title='bbox 945 1805 1086 1882; x_wconf 84' lang='lat' dir='ltr'>decime</span> <span class='ocrx_word' id='word_1_90' title='bbox 1110 1805 1288 1881; x_wconf 73' lang='lat' dir='ltr'>reddere·¹</span> <span class='ocrx_word' id='word_1_91' title='bbox 1398 1807 1410 1817; x_wconf 84' lang='grc'>“’</span> 
     </span>
     <span class='ocr_line' id='line_1_16' title="bbox 247 1898 1286 2001; baseline -0.002 -20"><span class='ocrx_word' id='word_1_92' title='bbox 247 1916 345 1981; x_wconf 85' lang='lat' dir='ltr'>mur</span> <span class='ocrx_word' id='word_1_93' title='bbox 362 1900 557 1995; x_wconf 84' lang='lat' dir='ltr'>immunes,</span> <span class='ocrx_word' id='word_1_94' title='bbox 581 1898 742 1977; x_wconf 80' lang='lat' dir='ltr'>maxime</span> <span class='ocrx_word' id='word_1_95' title='bbox 761 1922 845 1977; x_wconf 89' lang='lat' dir='ltr'>cum</span> <span class='ocrx_word' id='word_1_96' title='bbox 869 1902 1147 2001; x_wconf 71' lang='lat' dir='ltr'>presumimus</span> <span class='ocrx_word' id='word_1_97' title='bbox 1162 1900 1286 1981; x_wconf 86' lang='lat' dir='ltr'>noster</span> 
     </span>
     <span class='ocr_line' id='line_1_17' title="bbox 257 1994 1323 2097; baseline -0.001 -17"><span class='ocrx_word' id='word_1_98' title='bbox 257 2002 357 2097; x_wconf 84' lang='lat' dir='ltr'>Papa</span> <span class='ocrx_word' id='word_1_99' title='bbox 375 2016 412 2075; x_wconf 88' lang='lat' dir='ltr'>et</span> <span class='ocrx_word' id='word_1_100' title='bbox 432 1998 493 2074; x_wconf 84' lang='lat' dir='ltr'>iba</span> <span class='ocrx_word' id='word_1_101' title='bbox 515 1994 616 2075; x_wconf 88' lang='lat' dir='ltr'>solita</span> <span class='ocrx_word' id='word_1_102' title='bbox 630 2013 667 2073; x_wconf 87' lang='lat' dir='ltr'>et</span> <span class='ocrx_word' id='word_1_103' title='bbox 681 1998 805 2074; x_wconf 87' lang='lat' dir='ltr'>innata</span> <span class='ocrx_word' id='word_1_104' title='bbox 819 1997 887 2076; x_wconf 80' lang='lat' dir='ltr'>sibi</span> <span class='ocrx_word' id='word_1_105' title='bbox 906 1997 1115 2097; x_wconf 71' lang='lat' dir='ltr'>clementia,</span> <span class='ocrx_word' id='word_1_106' title='bbox 1139 1996 1286 2097; x_wconf 89' lang='lat' dir='ltr'>eosqui</span> <span class='ocrx_word' id='word_1_107' title='bbox 1317 2066 1323 2079; x_wconf 59' lang='lat'><strong>„</strong></span> 
     </span>
     <span class='ocr_line' id='line_1_18' title="bbox 258 2091 1322 2198; baseline -0.005 -20"><span class='ocrx_word' id='word_1_108' title='bbox 258 2091 334 2178; x_wconf 82' lang='lat' dir='ltr'>no&#39;n</span> <span class='ocrx_word' id='word_1_109' title='bbox 350 2096 518 2173; x_wconf 83' lang='lat' dir='ltr'>solvendo</span> <span class='ocrx_word' id='word_1_110' title='bbox 533 2093 705 2192; x_wconf 82' lang='lat' dir='ltr'>existunt,</span> <span class='ocrx_word' id='word_1_111' title='bbox 733 2095 856 2175; x_wconf 89' lang='lat' dir='ltr'>debito</span> <span class='ocrx_word' id='word_1_112' title='bbox 872 2096 1108 2196; x_wconf 87' lang='lat' dir='ltr'>prestacionis</span> <span class='ocrx_word' id='word_1_113' title='bbox 1123 2093 1285 2198; x_wconf 72' lang='lat' dir='ltr'>eiusdem</span> <span class='ocrx_word' id='word_1_114' title='bbox 1314 2110 1322 2132; x_wconf 87' lang='lat'><strong><em>‘</em></strong></span> 
     </span>
     <span class='ocr_line' id='line_1_19' title="bbox 201 2190 1286 2294; baseline 0 -25"><span class='ocrx_word' id='word_1_115' title='bbox 201 2206 206 2213; x_wconf 74' lang='grc'><strong>“</strong></span> <span class='ocrx_word' id='word_1_116' title='bbox 259 2194 425 2288; x_wconf 79' lang='lat' dir='ltr'>decime,</span> <span class='ocrx_word' id='word_1_117' title='bbox 450 2190 704 2289; x_wconf 88' lang='lat' dir='ltr'>perseipsum</span> <span class='ocrx_word' id='word_1_118' title='bbox 729 2194 919 2294; x_wconf 81' lang='lat' dir='ltr'>exceperit</span> <span class='ocrx_word' id='word_1_119' title='bbox 939 2208 976 2271; x_wconf 91' lang='lat' dir='ltr'>et</span> <span class='ocrx_word' id='word_1_120' title='bbox 992 2194 1212 2291; x_wconf 83' lang='lat' dir='ltr'>quitaverit,</span> <span class='ocrx_word' id='word_1_121' title='bbox 1240 2212 1286 2271; x_wconf 89' lang='lat' dir='ltr'>eo</span> 
     </span>
     <span class='ocr_line' id='line_1_20' title="bbox 258 2287 1284 2392; baseline -0.002 -23"><span class='ocrx_word' id='word_1_122' title='bbox 258 2293 359 2390; x_wconf 90' lang='lat' dir='ltr'>quod</span> <span class='ocrx_word' id='word_1_123' title='bbox 375 2287 646 2388; x_wconf 79' lang='lat' dir='ltr'>impossibilium</span> <span class='ocrx_word' id='word_1_124' title='bbox 667 2289 844 2389; x_wconf 82' lang='lat' dir='ltr'>obligatio</span> <span class='ocrx_word' id='word_1_125' title='bbox 872 2314 946 2368; x_wconf 86' lang='lat' dir='ltr'>non</span> <span class='ocrx_word' id='word_1_126' title='bbox 969 2291 1102 2387; x_wconf 83' lang='lat' dir='ltr'>exislit,</span> <span class='ocrx_word' id='word_1_127' title='bbox 1128 2304 1284 2392; x_wconf 84' lang='lat' dir='ltr'>propter</span> 
     </span>
     <span class='ocr_line' id='line_1_21' title="bbox 258 2384 1285 2499; baseline 0.002 -35"><span class='ocrx_word' id='word_1_128' title='bbox 258 2385 386 2487; x_wconf 89' lang='lat' dir='ltr'>quein</span> <span class='ocrx_word' id='word_1_129' title='bbox 405 2384 500 2481; x_wconf 87' lang='lat' dir='ltr'>casu,</span> <span class='ocrx_word' id='word_1_130' title='bbox 526 2405 598 2499; x_wconf 86' lang='lat' dir='ltr'>quo</span> <span class='ocrx_word' id='word_1_131' title='bbox 614 2386 709 2462; x_wconf 90' lang='lat' dir='ltr'>ultra</span> <span class='ocrx_word' id='word_1_132' title='bbox 722 2386 793 2461; x_wconf 88' lang='lat' dir='ltr'>hec</span> <span class='ocrx_word' id='word_1_133' title='bbox 807 2411 875 2487; x_wconf 92' lang='lat' dir='ltr'>pro</span> <span class='ocrx_word' id='word_1_134' title='bbox 893 2384 1090 2466; x_wconf 75' lang='lat' dir='ltr'>&#39;exaeiione</span> <span class='ocrx_word' id='word_1_135' title='bbox 1108 2408 1144 2467; x_wconf 94' lang='lat' dir='ltr'>et</span> <span class='ocrx_word' id='word_1_136' title='bbox 1160 2392 1285 2470; x_wconf 70' lang='lat' dir='ltr'>rator-⁴</span> 
     </span>
     <span class='ocr_line' id='line_1_22' title="bbox 156 2482 1349 2586; baseline 0.002 -21"><span class='ocrx_word' id='word_1_137' title='bbox 156 2532 160 2539; x_wconf 89' lang='lat'><em>·</em></span> <span class='ocrx_word' id='word_1_138' title='bbox 258 2487 359 2566; x_wconf 85' lang='lat' dir='ltr'>stone</span> <span class='ocrx_word' id='word_1_139' title='bbox 377 2482 566 2561; x_wconf 84' lang='lat' dir='ltr'>solucioms</span> <span class='ocrx_word' id='word_1_140' title='bbox 583 2483 723 2559; x_wconf 87' lang='lat' dir='ltr'>decime</span> <span class='ocrx_word' id='word_1_141' title='bbox 739 2482 946 2586; x_wconf 71' lang='lat' dir='ltr'>supradisle</span> <span class='ocrx_word' id='word_1_142' title='bbox 962 2485 1023 2564; x_wconf 89' lang='lat' dir='ltr'>seu</span> <span class='ocrx_word' id='word_1_143' title='bbox 1039 2482 1113 2585; x_wconf 85' lang='lat' dir='ltr'>ejus</span> <span class='ocrx_word' id='word_1_144' title='bbox 1130 2483 1287 2568; x_wconf 75' lang='lat' dir='ltr'>occasio-&#39;¹</span> <span class='ocrx_word' id='word_1_145' title='bbox 1341 2492 1349 2521; x_wconf 89' lang='lat'><em>&#39;</em></span> 
     </span>
     <span class='ocr_line' id='line_1_23' title="bbox 258 2577 1286 2681; baseline -0.003 -19"><span class='ocrx_word' id='word_1_146' title='bbox 258 2603 309 2664; x_wconf 78' lang='lat' dir='ltr'>ne</span> <span class='ocrx_word' id='word_1_147' title='bbox 349 2578 467 2671; x_wconf 82' lang='lat' dir='ltr'>ulsati,</span> <span class='ocrx_word' id='word_1_148' title='bbox 483 2577 607 2674; x_wconf 69' lang='lat' dir='ltr'>ortatu</span> <span class='ocrx_word' id='word_1_149' title='bbox 633 2578 757 2657; x_wconf 85' lang='lat' dir='ltr'>vexati</span> <span class='ocrx_word' id='word_1_150' title='bbox 773 2598 836 2659; x_wconf 88' lang='lat' dir='ltr'>aut</span> <span class='ocrx_word' id='word_1_151' title='bbox 849 2582 1121 2681; x_wconf 87' lang='lat' dir='ltr'>quomodolibet</span> <span class='ocrx_word' id='word_1_152' title='bbox 1138 2581 1286 2660; x_wconf 74' lang='lat' dir='ltr'>infesta-</span> 
     </span>
     <span class='ocr_line' id='line_1_24' title="bbox 260 2604 1291 2785; baseline -0.001 -29"><span class='ocrx_word' id='word_1_153' title='bbox 260 2678 293 2756; x_wconf 88' lang='lat' dir='ltr'>ti</span> <span class='ocrx_word' id='word_1_154' title='bbox 312 2604 512 2771; x_wconf 56' lang='lat' dir='ltr'>AEerimus,</span> <span class='ocrx_word' id='word_1_155' title='bbox 548 2699 613 2752; x_wconf 88' lang='lat' dir='ltr'>nos</span> <span class='ocrx_word' id='word_1_156' title='bbox 631 2692 695 2754; x_wconf 91' lang='lat' dir='ltr'>aut</span> <span class='ocrx_word' id='word_1_157' title='bbox 722 2681 883 2757; x_wconf 86' lang='lat' dir='ltr'>nostrum</span> <span class='ocrx_word' id='word_1_158' title='bbox 908 2680 1020 2778; x_wconf 83' lang='lat' dir='ltr'>aliqui</span> <span class='ocrx_word' id='word_1_159' title='bbox 1046 2675 1228 2779; x_wconf 89' lang='lat' dir='ltr'>sententijs</span> <span class='ocrx_word' id='word_1_160' title='bbox 1246 2692 1291 2785; x_wconf 39' lang='lat' dir='ltr'>et,</span> 
     </span>
     <span class='ocr_line' id='line_1_25' title="bbox 294 2772 1289 2875; baseline 0 -21"><span class='ocrx_word' id='word_1_161' title='bbox 294 2772 488 2854; x_wconf 82' lang='lat' dir='ltr'>rocelsibus</span> <span class='ocrx_word' id='word_1_162' title='bbox 501 2772 720 2867; x_wconf 88' lang='lat' dir='ltr'>importunis</span> <span class='ocrx_word' id='word_1_163' title='bbox 734 2773 796 2853; x_wconf 89' lang='lat' dir='ltr'>seu</span> <span class='ocrx_word' id='word_1_164' title='bbox 813 2776 897 2852; x_wconf 83' lang='lat' dir='ltr'>alias</span> <span class='ocrx_word' id='word_1_165' title='bbox 917 2776 1180 2875; x_wconf 76' lang='lat' dir='ltr'>quovismodo,</span> <span class='ocrx_word' id='word_1_166' title='bbox 1198 2786 1289 2854; x_wconf 77' lang='lat' dir='ltr'>cuns</span> 
     </span>
     <span class='ocr_line' id='line_1_26' title="bbox 259 2801 1284 2973; baseline -0.003 -21"><span class='ocrx_word' id='word_1_167' title='bbox 259 2801 332 2953; x_wconf 49' lang='lat' dir='ltr'>fior</span> <span class='ocrx_word' id='word_1_168' title='bbox 355 2894 430 2948; x_wconf 89' lang='lat' dir='ltr'>non</span> <span class='ocrx_word' id='word_1_169' title='bbox 446 2868 560 2947; x_wconf 86' lang='lat' dir='ltr'>suerit</span> <span class='ocrx_word' id='word_1_170' title='bbox 571 2893 641 2946; x_wconf 90' lang='lat' dir='ltr'>nec</span> <span class='ocrx_word' id='word_1_171' title='bbox 660 2872 814 2965; x_wconf 85' lang='lat' dir='ltr'>existat,</span> <span class='ocrx_word' id='word_1_172' title='bbox 838 2889 879 2950; x_wconf 89' lang='lat' dir='ltr'>ut</span> <span class='ocrx_word' id='word_1_173' title='bbox 895 2873 1076 2951; x_wconf 88' lang='lat' dir='ltr'>eredimus</span> <span class='ocrx_word' id='word_1_174' title='bbox 1101 2890 1144 2951; x_wconf 87' lang='lat' dir='ltr'>et·</span> <span class='ocrx_word' id='word_1_175' title='bbox 1162 2875 1284 2973; x_wconf 78' lang='lat' dir='ltr'>spera-</span> 
     </span>
     <span class='ocr_line' id='line_1_27' title="bbox 258 2965 1284 3069; baseline -0.004 -19"><span class='ocrx_word' id='word_1_176' title='bbox 258 2991 341 3050; x_wconf 88' lang='lat' dir='ltr'>mus</span> <span class='ocrx_word' id='word_1_177' title='bbox 359 2965 466 3065; x_wconf 82' lang='lat' dir='ltr'>ipfius</span> <span class='ocrx_word' id='word_1_178' title='bbox 485 2965 638 3046; x_wconf 92' lang='lat' dir='ltr'>Domini</span> <span class='ocrx_word' id='word_1_179' title='bbox 659 2969 771 3046; x_wconf 81' lang='lat' dir='ltr'>nostri</span> <span class='ocrx_word' id='word_1_180' title='bbox 793 2972 888 3069; x_wconf 85' lang='lat' dir='ltr'>Pape</span> <span class='ocrx_word' id='word_1_181' title='bbox 911 2968 1284 3065; x_wconf 68' lang='lat' dir='ltr'>mandatiseilltentio,</span> 
     </span>
     <span class='ocr_line' id='line_1_28' title="bbox 258 3064 1424 3166; baseline -0.003 -21"><span class='ocrx_word' id='word_1_182' title='bbox 258 3069 317 3145; x_wconf 87' lang='lat' dir='ltr'>ad</span> <span class='ocrx_word' id='word_1_183' title='bbox 329 3064 535 3163; x_wconf 87' lang='lat' dir='ltr'>hujusmodi</span> <span class='ocrx_word' id='word_1_184' title='bbox 567 3064 716 3161; x_wconf 88' lang='lat' dir='ltr'>iuquam</span> <span class='ocrx_word' id='word_1_185' title='bbox 758 3066 1043 3166; x_wconf 85' lang='lat' dir='ltr'>importunitatis</span> <span class='ocrx_word' id='word_1_186' title='bbox 1060 3068 1285 3165; x_wconf 66' lang='lat' dir='ltr'>&#39;molestiam</span> <span class='ocrx_word' id='word_1_187' title='bbox 1405 3128 1424 3151; x_wconf 30' lang='lat' dir='ltr'>a</span> 
     </span>
     <span class='ocr_line' id='line_1_29' title="bbox 152 3158 1285 3259; baseline -0.002 -17"><span class='ocrx_word' id='word_1_188' title='bbox 152 3227 154 3230; x_wconf 89' lang='lat'>.</span> <span class='ocrx_word' id='word_1_189' title='bbox 258 3180 449 3259; x_wconf 88' lang='lat' dir='ltr'>utcunque</span> <span class='ocrx_word' id='word_1_190' title='bbox 464 3158 546 3239; x_wconf 86' lang='lat' dir='ltr'>fieri</span> <span class='ocrx_word' id='word_1_191' title='bbox 563 3162 722 3259; x_wconf 90' lang='lat' dir='ltr'>poterit,</span> <span class='ocrx_word' id='word_1_192' title='bbox 754 3163 962 3243; x_wconf 85' lang='lat' dir='ltr'>fraternalis</span> <span class='ocrx_word' id='word_1_193' title='bbox 982 3164 1176 3241; x_wconf 83' lang='lat' dir='ltr'>assisieneie</span> <span class='ocrx_word' id='word_1_194' title='bbox 1196 3186 1285 3257; x_wconf 83' lang='lat' dir='ltr'>pre-</span> 
     </span>
     <span class='ocr_line' id='line_1_30' title="bbox 174 3256 1288 3358; baseline -0.001 -18"><span class='ocrx_word' id='word_1_195' title='bbox 174 3273 178 3281; x_wconf 86' lang='lat'><em>&#39;</em></span> <span class='ocrx_word' id='word_1_196' title='bbox 258 3259 350 3341; x_wconf 81' lang='lat' dir='ltr'>sidio</span> <span class='ocrx_word' id='word_1_197' title='bbox 373 3257 584 3358; x_wconf 83' lang='lat' dir='ltr'>pulsandam</span> <span class='ocrx_word' id='word_1_198' title='bbox 607 3256 666 3335; x_wconf 90' lang='lat' dir='ltr'>seu</span> <span class='ocrx_word' id='word_1_199' title='bbox 684 3259 808 3337; x_wconf 90' lang='lat' dir='ltr'>saltem</span> <span class='ocrx_word' id='word_1_200' title='bbox 826 3283 871 3338; x_wconf 90' lang='lat' dir='ltr'>eo</span> <span class='ocrx_word' id='word_1_201' title='bbox 892 3262 1006 3339; x_wconf 86' lang='lat' dir='ltr'>levius</span> <span class='ocrx_word' id='word_1_202' title='bbox 1024 3259 1288 3357; x_wconf 75' lang='lat' dir='ltr'>sufferendam,</span> 
     </span>
     <span class='ocr_line' id='line_1_31' title="bbox 260 3356 1286 3460; baseline 0.002 -26"><span class='ocrx_word' id='word_1_203' title='bbox 260 3378 334 3457; x_wconf 89' lang='lat' dir='ltr'>quo</span> <span class='ocrx_word' id='word_1_204' title='bbox 364 3356 621 3434; x_wconf 84' lang='lat' dir='ltr'>tribulatorum</span> <span class='ocrx_word' id='word_1_205' title='bbox 646 3369 760 3433; x_wconf 83' lang='lat' dir='ltr'>onera</span> <span class='ocrx_word' id='word_1_206' title='bbox 779 3358 920 3435; x_wconf 86' lang='lat' dir='ltr'>suerint</span> <span class='ocrx_word' id='word_1_207' title='bbox 940 3359 1109 3436; x_wconf 88' lang='lat' dir='ltr'>humeris·</span> <span class='ocrx_word' id='word_1_208' title='bbox 1122 3358 1286 3460; x_wconf 77' lang='lat' dir='ltr'>singulo-</span> 
     </span>
     <span class='ocr_line' id='line_1_32' title="bbox 255 3451 1362 3556; baseline -0.002 -22"><span class='ocrx_word' id='word_1_209' title='bbox 255 3474 347 3534; x_wconf 81' lang='lat' dir='ltr'>rum</span> <span class='ocrx_word' id='word_1_210' title='bbox 369 3451 560 3527; x_wconf 81' lang='lat' dir='ltr'>caritative</span> <span class='ocrx_word' id='word_1_211' title='bbox 576 3454 738 3551; x_wconf 86' lang='lat' dir='ltr'>compati</span> <span class='ocrx_word' id='word_1_212' title='bbox 754 3455 1173 3550; x_wconf 82' lang='lat' dir='ltr'>velenciumdistributa,</span> <span class='ocrx_word' id='word_1_213' title='bbox 1197 3464 1286 3556; x_wconf 85' lang='lat' dir='ltr'>pre·</span> <span class='ocrx_word' id='word_1_214' title='bbox 1358 3520 1362 3543; x_wconf 76' lang='grc'><strong>,</strong></span> 
     </span>
     <span class='ocr_line' id='line_1_33' title="bbox 226 3546 1283 3637; baseline 0.003 -12"><span class='ocrx_word' id='word_1_215' title='bbox 226 3546 241 3586; x_wconf 60' lang='grc'><strong>“</strong></span> <span class='ocrx_word' id='word_1_216' title='bbox 261 3547 366 3631; x_wconf 86' lang='lat' dir='ltr'>misso</span> <span class='ocrx_word' id='word_1_217' title='bbox 385 3547 544 3637; x_wconf 77' lang='lat' dir='ltr'>tradiatu</span> <span class='ocrx_word' id='word_1_218' title='bbox 561 3549 684 3626; x_wconf 91' lang='lat' dir='ltr'>debito</span> <span class='ocrx_word' id='word_1_219' title='bbox 699 3566 891 3629; x_wconf 75' lang='lat' dir='ltr'>armatura</span> <span class='ocrx_word' id='word_1_220' title='bbox 911 3553 1085 3631; x_wconf 85' lang='lat' dir='ltr'>internos</span> <span class='ocrx_word' id='word_1_221' title='bbox 1103 3554 1283 3631; x_wconf 86' lang='lat' dir='ltr'>delibera·</span> 
     </span>
     <span class='ocr_line' id='line_1_34' title="bbox 262 3645 1378 3745; baseline 0.005 -20"><span class='ocrx_word' id='word_1_222' title='bbox 262 3647 369 3727; x_wconf 79' lang='lat' dir='ltr'>eiooe</span> <span class='ocrx_word' id='word_1_223' title='bbox 385 3645 577 3745; x_wconf 81' lang='lat' dir='ltr'>prehabito</span> <span class='ocrx_word' id='word_1_224' title='bbox 598 3646 706 3745; x_wconf 89' lang='lat' dir='ltr'>super</span> <span class='ocrx_word' id='word_1_225' title='bbox 724 3669 788 3744; x_wconf 91' lang='lat' dir='ltr'>eo,</span> <span class='ocrx_word' id='word_1_226' title='bbox 826 3649 981 3726; x_wconf 85' lang='lat' dir='ltr'>fecimus</span> <span class='ocrx_word' id='word_1_227' title='bbox 1006 3666 1043 3725; x_wconf 91' lang='lat' dir='ltr'>et</span> <span class='ocrx_word' id='word_1_228' title='bbox 1064 3649 1218 3727; x_wconf 82' lang='lat' dir='ltr'>fucinllls</span> <span class='ocrx_word' id='word_1_229' title='bbox 1244 3649 1286 3727; x_wconf 92' lang='lat' dir='ltr'>in</span> <span class='ocrx_word' id='word_1_230' title='bbox 1375 3722 1378 3731; x_wconf 88' lang='lat'><em>.</em></span> 
     </span>
     <span class='ocr_line' id='line_1_35' title="bbox 260 3740 1287 3844; baseline 0.002 -21"><span class='ocrx_word' id='word_1_231' title='bbox 260 3740 331 3842; x_wconf 85' lang='lat' dir='ltr'>hijs</span> <span class='ocrx_word' id='word_1_232' title='bbox 349 3742 490 3839; x_wconf 86' lang='lat' dir='ltr'>scriptis</span> <span class='ocrx_word' id='word_1_233' title='bbox 505 3762 574 3840; x_wconf 91' lang='lat' dir='ltr'>pro</span> <span class='ocrx_word' id='word_1_234' title='bbox 590 3744 696 3819; x_wconf 91' lang='lat' dir='ltr'>nobis</span> <span class='ocrx_word' id='word_1_235' title='bbox 713 3762 749 3819; x_wconf 92' lang='lat' dir='ltr'>et</span> <span class='ocrx_word' id='word_1_236' title='bbox 763 3746 891 3821; x_wconf 83' lang='lat' dir='ltr'>nostris</span> <span class='ocrx_word' id='word_1_237' title='bbox 907 3745 1176 3844; x_wconf 78' lang='lat' dir='ltr'>successoribus,</span> <span class='ocrx_word' id='word_1_238' title='bbox 1202 3766 1287 3825; x_wconf 55' lang='lat' dir='ltr'>mo*</span> 
     </span>
     <span class='ocr_line' id='line_1_36' title="bbox 262 3834 1294 3945; baseline 0.004 -25"><span class='ocrx_word' id='word_1_239' title='bbox 262 3834 428 3937; x_wconf 74' lang='lat' dir='ltr'>dasterijs</span> <span class='ocrx_word' id='word_1_240' title='bbox 440 3854 477 3913; x_wconf 87' lang='lat' dir='ltr'>et</span> <span class='ocrx_word' id='word_1_241' title='bbox 494 3837 647 3937; x_wconf 60' lang='lat' dir='ltr'>ecclesiis</span> <span class='ocrx_word' id='word_1_242' title='bbox 669 3856 790 3941; x_wconf 60' lang='lat' dir='ltr'>et&#39;pro</span> <span class='ocrx_word' id='word_1_243' title='bbox 806 3841 947 3921; x_wconf 78' lang='lat' dir='ltr'>cunetis</span> <span class='ocrx_word' id='word_1_244' title='bbox 972 3844 1076 3921; x_wconf 89' lang='lat' dir='ltr'>nobis</span> <span class='ocrx_word' id='word_1_245' title='bbox 1095 3844 1294 3945; x_wconf 69' lang='lat' dir='ltr'>allidens«.</span> 
     </span>
     <span class='ocr_line' id='line_1_37' title="bbox 260 3933 1287 4039; baseline 0.004 -24"><span class='ocrx_word' id='word_1_246' title='bbox 260 3938 333 4015; x_wconf 91' lang='lat' dir='ltr'>bus</span> <span class='ocrx_word' id='word_1_247' title='bbox 351 3953 387 4012; x_wconf 90' lang='lat' dir='ltr'>et</span> <span class='ocrx_word' id='word_1_248' title='bbox 401 3933 555 4011; x_wconf 76' lang='lat' dir='ltr'>assistere</span> <span class='ocrx_word' id='word_1_249' title='bbox 574 3938 781 4015; x_wconf 90' lang='lat' dir='ltr'>volentibus</span> <span class='ocrx_word' id='word_1_250' title='bbox 802 3957 899 4015; x_wconf 86' lang='lat' dir='ltr'>nunc</span> <span class='ocrx_word' id='word_1_251' title='bbox 918 3942 977 4016; x_wconf 88' lang='lat' dir='ltr'>vel</span> <span class='ocrx_word' id='word_1_252' title='bbox 994 3940 1230 4039; x_wconf 85' lang='lat' dir='ltr'>imposterum</span> <span class='ocrx_word' id='word_1_253' title='bbox 1249 3956 1287 4019; x_wconf 87' lang='lat' dir='ltr'>et</span> 
     </span>
     <span class='ocr_line' id='line_1_38' title="bbox 262 4030 1287 4115; baseline 0.002 -3"><span class='ocrx_word' id='word_1_254' title='bbox 262 4033 471 4112; x_wconf 86' lang='lat' dir='ltr'>nostrorum</span> <span class='ocrx_word' id='word_1_255' title='bbox 491 4030 557 4107; x_wconf 88' lang='lat' dir='ltr'>eti</span> <span class='ocrx_word' id='word_1_256' title='bbox 584 4032 702 4110; x_wconf 82' lang='lat' dir='ltr'>summ</span> <span class='ocrx_word' id='word_1_257' title='bbox 725 4038 871 4112; x_wconf 89' lang='lat' dir='ltr'>nomine</span> <span class='ocrx_word' id='word_1_258' title='bbox 898 4038 1066 4113; x_wconf 84' lang='lat' dir='ltr'>socialem</span> <span class='ocrx_word' id='word_1_259' title='bbox 1094 4056 1129 4113; x_wconf 93' lang='lat' dir='ltr'>et</span> <span class='ocrx_word' id='word_1_260' title='bbox 1153 4040 1287 4115; x_wconf 82' lang='lat' dir='ltr'>frater·</span> 
     </span>
     <span class='ocr_line' id='line_1_39' title="bbox 260 4129 1286 4232; baseline 0.004 -21"><span class='ocrx_word' id='word_1_261' title='bbox 260 4152 349 4214; x_wconf 78' lang='lat' dir='ltr'>narn</span> <span class='ocrx_word' id='word_1_262' title='bbox 365 4129 493 4232; x_wconf 86' lang='lat' dir='ltr'>ligam,</span> <span class='ocrx_word' id='word_1_263' title='bbox 571 4148 728 4212; x_wconf 85' lang='lat' dir='ltr'>onemet</span> <span class='ocrx_word' id='word_1_264' title='bbox 745 4135 1286 4226; x_wconf 83' lang='lat' dir='ltr'>concordiamadinsrllendum</span> 
     </span>
    </p>
   </div>
   <div class='ocr_carea' id='block_1_2' title="bbox 0 0 1615 4992">
    <p class='ocr_par' dir='ltr' id='par_1_2' title="bbox 0 0 1615 4992">
     <span class='ocr_line' id='line_1_40' title="bbox 0 0 1615 4992; baseline 0 0"><span class='ocrx_word' id='word_1_265' title='bbox 0 0 1615 4992; x_wconf 95' lang='lat' dir='ltr'> </span> 
     </span>
    </p>
   </div>
  </div>
 </body>
</html>
