3209 4992
370 455 444 539 ιε
783 446 993 553 *ωε
1441 370 1444 543 l

366 637 595 748 presentibus
609 650 648 719 et
659 639 793 723 fisurus
803 643 901 733 diste
918 644 1037 723 nostre
1045 640 1203 725 Erelelle
1211 647 1392 751 Mogunt.

365 754 475 848 nobis
488 772 618 830 vacans
634 774 681 831 ιιι
694 752 851 852 preditis
860 754 1023 846 johannis
1039 753 1155 831 libers
1170 757 1394 859 refignatio·

366 870 425 951 nis
446 865 553 945 titulo
575 866 615 944 is
641 868 760 945 nostre
790 866 1066 966 nostrorumque
1092 868 1393 966 predecessorum

366 980 573 1061 sorbamus
599 980 741 1059 salubre
773 980 978 1059 remedium
1013 982 1184 1058 donamus
1207 984 1397 1083 approbas

330 1170 334 1177 .
367 1122 451 1179 mus
463 1115 502 1177 et
518 1095 720 1177 liberaliter
736 1100 957 1178 conserimus
980 1101 1018 1179 in
1037 1098 1104 1200 hijs
1121 1100 1262 1203 scriptis
1283 1123 1323 1183 et
1339 1104 1395 1181 di-

363 1214 511 1297 redlum
525 1215 725 1294 dominium
740 1218 838 1315 quod
855 1238 921 1296 nos
939 1232 975 1294 et
989 1216 1256 1317 predecessores
1275 1214 1395 1297 nostri

275 1338 279 1345 '
364 1330 406 1415 in
431 1327 508 1430 ipss
532 1328 745 1409 molendino
779 1345 818 1407 et
847 1328 921 1431 ejus
950 1329 1178 1431 pertinentijs
1203 1356 1320 1431 usque
1351 1331 1392 1411 in

365 1440 514 1551 presens
549 1436 709 1518 habuisse
735 1440 1008 1558 noscebantur,
1050 1439 1089 1517 in
1113 1446 1391 1539 prenominatos

251 1595 255 1601 ·
364 1558 559 1638 Deeununr
577 1567 614 1629 et
628 1550 837 1653 Capitulum
853 1578 893 1629 nc
908 1522 1076 1632 Vica'rios
1092 1574 1292 1665 eorumque
1309 1556 1392 1633 suc-

365 1664 519 1753 cesores
552 1666 663 1765 pleno
698 1658 783 1763 jure
812 1662 1125 1743 trursserinruslin
1148 1658 1245 1743 hune'
1275 1666 1390 1745 linens

364 1789 464 1889 quod
487 1782 660 1885 prelibati
679 1782 850 1863 Decanus
869 1800 906 1863 et
923 1782 1133 1883 Capitulum
1154 1783 1335 1861 Canoniei
1354 1798 1394 1863 et

362 1895 491 1997 uicarij
514 1894 612 1975 diue
639 1896 759 1975 nostre
779 1897 939 1975 Ecclefie
971 1896 1156 1997 presentes
1189 1914 1224 1973 et
1251 1898 1389 1995 posteri
1443 1964 1444 1971 ι

212 2103 218 2117 .
364 2009 537 2110 quandiu
553 2006 677 2087 divino
693 2007 873 2087 salvatoris
890 2006 1082 2089 clementia
1102 2006 1309 2106 presentem
1318 2034 1390 2089 nu-

362 2121 421 2201 bis
440 2122 554 2201 vitam
574 2118 784 2198 concess'erit
798 2122 896 2221 apud
926 2119 1082 2198 eundern
1110 2122 1240 2198 devote
1263 2138 1301 2197 et
1319 2123 1389 2202 hu.

363 2238 501 2342 rniliter
518 2234 710 2338 pronubis
727 2234 956 2315 intercedant
970 2250 1008 2313 et
1024 2234 1102 2335 poll
1120 2232 1298 2312 decessum
1318 2258 1390 2313 nu·

363 2321 670 2452 dirumpetpetuis
681 2352 909 2451 temporibus
923 2348 1207 2429 anniversarium
1220 2348 1386 2430 nostrum

360 2487 454 2554 tom
464 2488 547 2575 cuns
578 2460 678 2544 missa
708 2488 818 2567 quarn
842 2464 879 2541 vi
882 2459 977 2565 gilijs
1010 2486 1078 2561 pro
1109 2461 1292 2541 destruitis
1316 2466 1385 2543 sol

338 2578 560 2692 ,lpmpniter
585 2591 764 2684 peragunt
783 2573 911 2676 juxta
909 2572 1207 2653 consuetudinem
1224 2572 1389 2652 Ecclesre

360 2695 482 2786 nosbe
496 2670 670 2772 saneris
691 2691 929 2773 observatam
979 2686 1196 2784 inquorum
1218 2686 1385 2765 omnium

362 2800 609 2921 tdlispnpiuui
629 2822 668 2887 et
678 2819 893 2909 perpetuam
910 2798 1054 2879 roboris
1071 2798 1283 2877 firmitatem
1298 2822 1385 2899 pre·

311 2938 316 2948 ’
362 2923 480 3026 sedites
503 2926 641 3007 litteras
665 2920 777 3011 scribi
800 2922 994 3017 nostroque
1020 2913 1135 3017 figiuo
1155 2916 1385 3014 impendenti

198 3056 259 3137 ‘j
348 3029 475 3157 ¹spelm
476 3064 517 3124 us
547 3036 778 3117 communiri.
839 3036 979 3113 Datum
1007 3031 1134 3106 Eltoill
1155 3028 1253 3109 feria
1282 3030 1385 3108 sexta

313 3186 319 3203 ‘
360 3133 544 3369 ιιοιιὶἔιοι
543 3143 769 3350 ἷξέἰῖιίὶιιι
782 3145 1032 3233 saudiildicbae
993 3139 1076 3223 aclis
1092 3146 1208 3227 Anno
1226 3143 1384 3225 Domini

412 3274 460 3353 C

318 3419 621 3531 imno&
