3209 4992
357 484 385 560 6
762 469 974 579 'w

362 666 501 750 chenfis
521 612 635 747 abias
654 644 762 748 liberi
784 672 930 750 arbitrii
945 663 1211 768 dispositione,
1240 682 1287 742 ac
1300 658 1383 741 fm-

362 801 463 867 trum
492 785 696 887 provinone
718 787 930 887 profecerit.
980 786 1092 863 Porro
1113 780 1273 883 ejusdem
1287 769 1382 856 Loci

362 901 521 980 Ecclesia
534 925 618 978 cum
635 901 726 980 atrio
742 903 802 979 suo
818 905 866 992 ab
886 899 985 979 omni
1001 900 1152 977 hostium
1173 888 1383 974 incursione

365 1008 549 1110 fitiiber'a,
565 1028 600 1092 et
608 1017 653 1094 ab
663 1015 940 1117 Episcoporum,
952 1016 1012 1094 seu
1022 1007 1290 1112 Episcopaiinm
1307 1002 1383 1082 mi-

365 1129 560 1209 nistrorum
572 1130 855 1232 oppreffionibus
870 1131 987 1241 aliena
1001 1129 1219 1226 sepulturam
1232 1137 1383 1226 qnoque

363 1471 1386 1574 lentati,nisiforteexcommunicatiiint,nullusobsrstat.

193 1625 195 1636 ¹
362 1587 534 1668 Preterea
545 1595 895 1696 quecunquepredia
906 1616 1122 1695 quecunque
1136 1592 1311 1689 bonaper
1326 1593 1388 1675 su·

363 1723 434 1802 pre
449 1703 585 1784 uinum
602 1707 833 1810 Principem,
859 1711 915 1786 vel
933 1705 1007 1806 ejus
1031 1706 1186 1802 fratres,
1213 1723 1275 1782 aut
1290 1704 1388 1784 asion

364 1816 490 1895 fideres
515 1822 560 1897 dc
582 1820 643 1899 suo
665 1818 749 1923 jure
771 1819 846 1923 jam
872 1823 992 1899 oblata
1014 1820 1074 1894 vel
1101 1816 1263 1896 concessit
1285 1817 1387 1920 sunt,

365 1946 430 2004 aut
452 1929 489 2008 in
510 1930 677 2014 futurum
697 1936 859 2014 Domino
879 1927 1099 2033 Largiente,
1123 1927 1264 2031 offerri,
1292 1954 1389 2012 con·

336 2033 342 2052 '
366 2044 496 2122 cedive
518 2049 742 2151 contigerit,
782 2047 903 2146 quieta
917 2048 1060 2145 semper
1072 2061 1112 2124 et
1127 2045 1243 2123 libera
1261 2045 1389 2144 perse-

368 2175 523 2246 verent,
547 2161 599 2239 ita
612 2166 658 2241 ab
675 2155 774 2242 omni
798 2161 1010 2242 secularium
1026 2159 1269 2238 Dominorum
1288 2155 1387 2260 jugo

156 2269 157 2334 ἶ
180 2361 187 2373 ,
322 2297 323 2300 ‘
366 2270 568 2371 immuniaq
593 2271 683 2353 ficut
702 2274 741 2354 in
761 2276 962 2354 eorundem
977 2270 1186 2378 principum
1203 2271 1279 2348 vito
1293 2295 1387 2372 per.

309 2410 312 2415 ·
365 2381 527 2466 manfiii'e
551 2385 759 2466 noscuntur.
815 2385 1057 2464 Decernimus
1080 2406 1192 2487 ergo,
1237 2399 1279 2480 ut
1290 2384 1387 2463 nulli
1428 2417 1431 2420 ·

367 2499 558 2589 hominnm'
573 2505 680 2586 liceat
699 2508 853 2591 eandem
868 2504 1066 2585 Ecclesiam
1080 2520 1219 2583 temere
1233 2503 1387 2605 p'ertttr·

367 2623 459 2702 bare
479 2636 539 2699 aut
553 2616 627 2721 ejus
650 2620 872 2722 possessiones
896 2617 1078 2713 aufferre,
1101 2618 1289 2716 minuere,
1321 2623 1386 2701 vei

321 2745 323 2753 ‘
366 2730 572 2816 temerariis
586 2731 840 2832 vexationibus
859 2734 1038 2835 fatigare,
1065 2733 1125 2812 scd
1150 2728 1272 2807 omnia
1288 2729 1388 2813 inte.

364 2870 434 2956 gra
451 2844 709 2926 conserventur
724 2869 866 2944 eorum,
891 2841 962 2946 p‘ro
986 2866 1141 2942 quorum
1160 2841 1388 2922 sustentatio·

365 2985 416 3046 ne
431 2977 469 3040 et
483 2959 749 3061 gubernatione
768 2959 928 3041 concessa
940 2959 1044 3053 sunt,
1069 2958 1188 3036 usibus
1205 2956 1389 3037 omnimo-

366 3075 649 3174 distprosutnra.
683 3077 806 3176 siqua
832 3072 1202 3166 saneEcclesnstica,
1244 3072 1385 3151 secula·

159 3193 160 3238 ³
190 3203 192 3220 ¹
267 3255 272 3264 ,
365 3189 464 3286 risue
480 3185 631 3283 persona
653 3185 746 3262 hanc
773 3188 892 3264 nostre
919 3185 1180 3262 constitutionis
1209 3185 1388 3286 paginam

365 3300 482 3385 sciens
510 3316 637 3388 contra
651 3322 730 3376 earn
745 3318 884 3378 temere
901 3301 1028 3378 venire
1041 3301 1297 3401 temptaverit,
1330 3303 1388 3383 se·

252 3459 254 3463 ·
366 3419 510 3523 cundo,
549 3414 705 3495 tertiove
723 3405 967 3527 commonita5
1001 3414 1116 3494 finon
1139 3415 1389 3502 satisfactione

160 3529 161 3552 ¹
366 3556 531 3632 congrua
555 3533 824 3636 emendaverit,
860 3527 1063 3633 potestatis,
1086 3535 1306 3642 honorisque
1328 3541 1405 3640 sni¹

227 3643 246 3712 C
367 3644 547 3748 dignitate
563 3665 697 3748 careat,
723 3669 897 3746 reamque
917 3646 1240 3749 sedivinoqjudicio
1257 3654 1389 3734 existe-

325 3827 328 3838 .
363 3756 476 3840 rede
494 3778 705 3861 perpetrata
722 3762 913 3860 iniquitate
932 3760 1147 3862 cognoscat,
1173 3781 1208 3840 et
1226 3789 1247 3842 a
1264 3753 1386 3857 sacra-

338 3865 498 3950 ‘tiffimo
523 3893 677 3969 corpore
696 3892 740 3948 ac
758 3868 931 3974 sanguine
946 3868 1020 3948 Dei
1045 3888 1081 3950 et
1098 3873 1247 3954 Domini
1271 3879 1385 3961 nostri

365 3983 465 4084 liesn
486 3985 740 4078 Christiaiieua
758 3983 843 4082 siat,
876 4002 984 4084 atque
1002 3988 1041 4072 in
1058 4006 1223 4067 extremo
1244 3997 1383 4074 exami-

364 4121 413 4184 ne
431 4095 590 4216 iustitie
612 4097 743 4184 ultioni
765 4095 961 4206 subjacean-
984 4101 990 4109 '
1023 4101 1173 4184 Curtiis
1192 4123 1316 4208 autem
1335 4109 1386 4187 ei·

590 4245 593 4262 ’
788 4269 794 4276 -
1244 4276 1249 4297 .
1297 4227 1382 4313 den

156 1299 158 1310 ι
257 1301 260 1309 f
364 1241 440 1343 ejus
456 1246 601 1327 omnino
618 1247 1384 1348 liberameffedecernimus,uteorum,qui
1444 1254 1446 1259 ’

225 1364 237 1401 ³
344 1408 349 1416 ·
365 1352 419 1430 ilii
433 1357 574 1457 sepeliri
588 1363 886 1456 deliberaverint,
894 1364 1077 1442 devotioni
1090 1377 1127 1438 et
1138 1378 1305 1438 extreme
1316 1388 1385 1440 vo-
