3209 4992
251 632 537 737 {beetdot'alesq‘
559 650 603 717 ιιι
618 638 889 740 praemittitur,
917 625 1084 739 dotauit,
1121 632 1203 717 sunt
1217 632 1279 721 hi:

260 749 439 829 videlieet
453 751 484 858 C
497 765 536 825 et
551 748 624 828 IIL.
642 749 772 827 lloreni
789 751 974 850 Rhepeuses
997 748 1191 851 legasset
1219 743 1283 825 da

259 864 336 945 tivi
352 884 618 965 perpetuorum
632 881 670 941 et
685 888 900 944 annuorum
908 862 1171 960 censuun'nper
1190 880 1283 944 eun·-
1388 932 1389 937 t

255 985 349 1060 dem
366 982 599 1063 fundatorem
615 1007 637 1060 ι
657 984 853 1064 Consulatu
869 982 995 1083 oppidi
1004 978 1283 1067 wurtenbergen-

254 1097 310 1204 fis
335 1098 476 1175 nostrae
498 1098 753 1217 Banbergeafio
780 1097 951 1178 dioecesis
922 1094 1082 1206 rjuxta
1122 1090 1283 1207 ejusdetn
1313 1154 1317 1165 .
1381 1131 1383 1142 ,

264 1212 468 1292 consulatus
483 1200 689 1293 litterarum
707 1214 861 1313 desuper
880 1210 1122 1301 concessarum
1138 1224 1282 1287 tenores

243 1327 332 1407 sub
341 1319 466 1405 forme
489 1327 725 1428 reemptionis
741 1330 863 1430 'empti
886 1345 923 1407 et
946 1323 1167 1425 comparati,
1191 1342 1284 1419 quo·

259 1459 349 1521 rum
369 1442 513 1539 quidem
538 1445 625 1537 Cet
639 1442 714 1521 XL.
732 1443 972 1541 florenorum,
999 1437 1154 1541 quilibet
1168 1432 1285 1512 dislo-
1367 1442 1386 1464 ²

176 1548 181 1553 ⁴
259 1582 348 1640 turn
366 1576 520 1657 quatuor
538 1558 764 1638 sacerdotum
788 1559 977 1668 annuadm
992 1554 1140 1635 XXXV.
1162 1550 1283 1651 peroi-

258 1692 355 1771 pere
380 1675 487 1750 debet
517 1680 555 1751 et
579 1674 795 1752 sublevere(
831 1676 924 1753 Itenr
949 1676 1046 1752 ultre
1071 1665 1145 1769 jam
1167 1666 1283 1747 diuos

256 1791 298 1867 ‘C
318 1811 355 1867 et
368 1790 444 1869 XL.
466 1789 691 1871 florenorum
716 1792 840 1869 census
859 1792 958 1869 idem
983 1790 1157 1869 fundator
1177 1793 1285 1884 praef
1408 1830 1441 1857 J„

261 1904 360 1985 fatos
370 1921 525 2001 quatuor
542 1904 764 2006 presbiteros
779 1904 844 1986 IV.
858 1905 946 1982 ullos
963 1902 1093 1981 ssmiles
1109 1899 1285 1995 florenos,
1372 1906 1376 1913 “

195 2023 201 2041 ’
264 2015 312 2093 de
328 2019 506 2095 reditibus
528 2044 595 2122 per
610 2042 693 2099 eunr
710 2042 734 2096 a
749 2020 944 2097 Consulatu
956 2017 1125 2097 'CiuitatIs
1141 2012 1284 2093 nostrae
1427 2122 1430 2125 Ι

261 2135 516 2239 anbergeafis
538 2134 766 2239 sopraditlae
796 2136 1014 2236 comparatis
1043 2131 1191 2213 donavit
1212 2142 1284 2227 prb

261 2252 515 2354 anniversarijs
543 2256 613 2335 suis
631 2254 779 2355 smgulis
796 2251 995 2357 Angatljs‘,
1021 2269 1061 2332 ut
1077 2244 1286 2387 praemitti-

261 2386 340 2468 tur,
364 2372 604 2473 peragenda,-
641 2397 798 2471 qnorum
818 2373 966 2471 quidem
978 2362 1255 2451 florenorum
1238 2384 1284 2443 tn

260 2486 429 2593 quolibet
448 2486 695 2565 anniversario
717 2486 808 2565 unus
828 2488 923 2565 inter
943 2485 1036 2586 ipsos
1059 2480 1283 2584 presbiteros
1314 2556 1342 2587 ,Ι
1364 2478 1375 2555 ἶ

259 2580 450 2700 duntaxat,
474 2602 591 2703 quiin
609 2603 857 2684 anniversurIo
878 2592 1228 2703 hujusmodiuigilljs
1246 2602 1288 2695 dt
1334 2586 1337 2593 ’
1374 2590 1381 2603 “

262 2716 375 2798 milsrs
388 2711 594 2813 praesentes
616 2716 869 2816 interfuerint,
895 2720 981 2795 loco
998 2702 1285 2815 praesentiarum
1305 2710 1331 2745 ³

260 2844 428 2926 distribui
456 2843 617 2921 debebit.
664 2840 817 2941 Insuper
840 2838 962 2919 didlus·
981 2838 1156 2917 fundator
1182 2834 1285 2914 dedit

260 2975 421 3057 quatuor
442 2957 646 3037 choralibus
671 2952 778 3053 supra
810 2939 1040 3037 mentionatis
1059 2946 1221 3029 XLVIII.
1236 2944 1285 3028 ll·
1394 2938 1402 2955 ’

253 3072 365 3151 miles
387 3071 544 3151 florenos
570 3070 649 3147 nuri
669 3068 846 3167 Rbenenfls
874 3066 982 3147 etiarn
1018 3054 1286 3197 perpetuorum

257 3195 466 3264 annuorum
482 3184 706 3264 redituuma
726 3197 928 3260 memorato
943 3178 1141 3257 consulatu
1156 3175 1285 3255 cirita

165 3327 167 3332 ι
257 3300 309 3378 tls
339 3302 479 3379 nollnae
504 3297 777 3401 Bambergeulis
806 3292 946 3395 ιιιηιιιιι
972 3287 1010 3372 e't
1039 3306 1281 3399 comparatos,

259 3414 455 3513 dequibus
488 3437 614 3525 eorum
641 3414 805 3518 quilibet·
818 3408 1001 3488 annuatim
1023 3408 1101 3485 XII.
1124 3408 1283 3486 florenos

248 3524 446 3627 percipiet
457 3541 495 3601 et
506 3525 677 3622 babebit,
695 3548 764 3604 nec
783 3546 854 3601 non
872 3524 958 3597 duos
978 3519 1106 3599 slmiles
1122 3522 1283 3601 florenos

254 3636 369 3715 etiarn
386 3640 432 3715 ab
449 3640 580 3746 eodem
598 3639 795 3720 consulatu
801 3634 989 3739 emplosiq‘
998 3660 1085 3737 quos
1097 3634 1174 3736 jem
1191 3620 1283 3725 osui

255 3767 458 3844 chorales'
445 3786 483 3847 ιιι
508 3753 853 3873 anniversarijst
787 3768 896 3908 ipsius
923 3757 1126 3847 fundatoris
1152 3756 1277 3871 supra

253 3876 364 3959 tedis
390 3882 526 3962 habere
555 3903 593 3965 et
620 3888 720 3966 inter
740 3887 776 3966 se
801 3887 880 3988 qui
887 3876 976 3969 tune
1004 3885 1065 3985 qui
1089 3883 1222 3997 vigiIIjs
1246 3892 1284 3977 ejt

253 3996 365 4077 millis
386 4000 591 4097 praesentes
615 4002 783 4103 fuerint,
822 4027 898 4105 pro
915 4000 999 4091 vice
1017 4006 1191 4105 qualibet
1204 4026 1282 4085 tne-

254 4106 358 4191 dium
373 4109 560 4224 florenum
576 4113 740 4199 dividere
762 4097 960 4201 debebunt.
983 4118 1177 4201 llolutnus
1198 4134 1283 4201 tan·‘

776 4232 860 4330 Ps
1077 4264 1080 4274 ¹
1196 4237 1281 4327 dete
