3209 4992
317 497 412 614 ¹ac
765 488 977 595 Ἢ

358 695 401 766 et
425 681 633 763 diuturnam
653 685 870 766 memoriam
898 683 1031 766 litteris
1056 676 1213 765 fideliter
1239 703 1393 768 comen·

319 871 322 876 .
362 801 501 878 damus.
549 799 661 878 Unde
682 823 752 902 ego
779 798 997 878 Gebadardus
1015 799 1134 903 gratia
1157 800 1231 903 Dei
1255 825 1391 905 argen-

359 909 506 993 tinenlis
526 907 724 1006 Episcopus
742 913 989 1014 tamfututis,
1023 936 1132 1012 quarn
1156 911 1392 1014 presentibus

276 1043 278 1050 '
320 1073 322 1080 ⁴
360 1041 490 1109 notum
510 1021 608 1101 meio
633 1024 865 1105 donationem
885 1026 1082 1105 anaema
1108 1026 1235 1125 quinto
1251 1024 1395 1131 Romaf

358 1163 492 1226 norum
510 1140 616 1242 Rege
632 1137 797 1240 legitime
812 1157 849 1218 et
863 1139 981 1218 libere
1003 1137 1140 1216 saetam
1170 1142 1394 1222 monasterio

360 1251 402 1332 in
423 1252 565 1330 honore
594 1253 787 1332 beatorum
802 1255 1045 1352 apostolorum
1063 1253 1215 1354 Philippi
1231 1266 1267 1327 et
1281 1252 1395 1338 Jaco-

359 1361 399 1445 oa·
415 1382 451 1444 et
467 1362 588 1444 senile
607 1367 795 1470 walpurge
815 1368 981 1472 Virginis
1002 1369 1040 1446 in
1060 1366 1169 1446 Sacra
1189 1365 1276 1445 solva
1299 1389 1395 1442 con·

342 1483 481 1574 ,stituto
505 1485 545 1579 a)
570 1482 647 1582 ipse
673 1503 832 1585 namque
860 1501 998 1564 terram
1027 1480 1188 1584 ejusdem
1218 1482 1318 1560 Silue
1344 1483 1397 1560 ad

276 1699 286 1722 N
332 1597 346 1654 ἕ
357 1603 561 1706 quemlibet
577 1602 679 1681 usum
697 1604 857 1683 fratrum
876 1603 1013 1682 ibidem
1035 1603 1117 1682 Deo
1136 1602 1396 1700 servientium,

260 1751 263 1757 ·
313 1745 316 1760 ·
357 1735 397 1800 et
411 1719 515 1796 usum
538 1715 698 1816 ejusdem
713 1718 813 1798 Silva
838 1736 913 1800 tam
935 1721 982 1798 ad
1010 1720 1254 1799 edificandum
1278 1741 1393 1818 quam

357 1837 405 1912 ad
426 1831 727 1930 calefaciendum,
741 1847 778 1912 et
786 1832 889 1911 usuris
899 1855 1078 1932 aquarum
1096 1835 1141 1910 ad
1158 1832 1398 1932 piscandum,¹

358 1967 397 2031 et
413 1950 459 2025 ad
474 1947 576 2026 suum
591 1949 835 2028 Commodum
854 1949 1078 2045 faciendum,
1103 1966 1288 2027 eteorum
1307 1949 1393 2027 ani·

356 2063 513 2146 malibus
528 2062 660 2160 pascua
680 2087 749 2164 per
767 2081 882 2143 totam
898 2065 1023 2143 silvanr
1041 2065 1190 2142 donavit
1216 2081 1254 2141 et
1277 2067 1396 2142 dona·

341 2179 496 2258 'tionem
509 2178 696 2281 privilegii
714 2179 766 2258 sui
787 2177 1005 2258 audieritate
1028 2177 1192 2282 legitime
1212 2181 1394 2259 corrobo·

356 2295 467 2377 ravit.
515 2293 638 2373 Postea
655 2315 744 2372 vcro
764 2295 840 2373 du‘x
858 2293 1081 2388 Fridaricus,
1112 2309 1151 2369 et
1169 2289 1332 2392 ejusdem
1350 2293 1394 2375 iu

355 2411 486 2490 eodem
513 2409 643 2487 allodio
670 2410 846 2506 coheres,
894 2431 1018 2490 comes
1041 2407 1212 2486 videlicet
1234 2411 1385 2512 Petrus,

232 2527 234 2537 ’
353 2525 483 2630 priore
499 2522 693 2604 donatione
714 2541 794 2602 rata
814 2541 1074 2624 permanente,
1114 2523 1309 2623 prefatum
1330 2526 1392 2601 lo«

353 2666 441 2722 cum
458 2665 542 2721 cnm
559 2643 727 2720 omnibus
745 2642 816 2720 suis
836 2641 1062 2742 appendiciis
1085 2641 1195 2719 beato
1220 2643 1327 2718 Petro
1346 2657 1387 2722 et

322 2857 325 2862 ¹
356 2761 434 2864 'ejus
455 2756 578 2839 senile
603 2761 769 2838 Romane
785 2757 945 2838 Ecclesia
969 2759 1032 2838 sub
1052 2782 1171 2836 annuo
1201 2759 1305 2836 unius
1322 2780 1404 2853 au-¹

352 2877 412 2960 rai
430 2875 537 2956 censu
562 2875 796 2975 obtulerunt,
831 2874 1025 2953 devotione
1056 2873 1187 2951 humili
1219 2874 1392 2974 expostu-

353 2997 470 3076 lantes
488 2988 678 3093 apostolica
695 2989 905 3068 confirmari
920 2989 1168 3082 audioritate,
1193 3011 1240 3100 ne
1258 2990 1390 3070 locum

253 3173 266 3194 ,
353 3109 418 3188 vel
434 3103 556 3182 servos
573 3101 644 3179 Dei
670 3100 810 3179 ibidem
829 3117 1094 3180 commorantes
1117 3099 1247 3199 aliquis
1266 3101 1391 3178 homi·

353 3217 679 3322 numperturbare
698 3217 906 3315 presumat,
946 3241 1015 3296 nec
1043 3218 1135 3296 ullus
1153 3217 1388 3299 advocatiam

352 3338 512 3442 ejusdem
527 3332 599 3412 loci
616 3329 683 3409 libi
697 3331 870 3428 usurpare
887 3335 1041 3439 audeat,
1065 3333 1132 3412 nisu
1145 3359 1254 3435 quem
1270 3336 1387 3415 abbas

353 3476 439 3533 cum
454 3444 715 3527 monachorum
732 3443 903 3522 consensu
918 3445 1043 3546 eligat,
1071 3463 1107 3524 et
1119 3468 1159 3526 ut
1177 3447 1243 3549 ipli
1256 3473 1387 3530 mona·

357 3561 417 3638 chi
439 3558 587 3634 decimis
611 3552 799 3634 fruetuum
813 3553 959 3634 filorum
977 3572 1014 3633 et
1023 3556 1232 3637 animalium
1247 3560 1386 3659 absque

353 3667 529 3776 Episcopi
558 3671 617 3746 vel
654 3665 802 3768 alicujus
829 3669 881 3747 sui
909 3668 1065 3748 ministri
1091 3669 1385 3754 contradiilione

352 3788 563 3895 potiantur,
603 3802 641 3864 et
655 3785 695 3864 in
711 3786 881 3866 omuibus
903 3787 1047 3888 semper
1062 3789 1257 3887 apostolice
1285 3792 1379 3874 sedis

351 3901 557 3992 munimine
571 3899 756 3995 fruentur,
782 3902 830 3977 Et
847 3899 917 3980 hoc
930 3925 1044 4001 porro
1062 3901 1281 3984 auctoritate
1302 3907 1379 3982 Pa·

202 4004 215 4026 '
264 4025 293 4125 f
349 4017 474 4117 sciatis
492 4015 601 4114 Papa,
626 4013 753 4112 suique
768 4013 972 4096 successoris
987 4021 1136 4117 Calixai,
1166 4020 1300 4098 deinde
1310 4021 1382 4098 110-

347 4143 446 4224 uarii
463 4141 513 4226 est
530 4140 783 4262 confirmatum
801 4193 816 4246 ,
863 4160 902 4226 et
920 4144 1149 4252 singulorum
1165 4147 1369 4250 privilegiu

1284 4282 1374 4386 legis
