3209 4992
639 432 855 539 *Q
1192 458 1259 533 ιιι
1376 534 1384 541 ,

237 628 361 711 nulius
389 626 480 709 alius
517 628 657 710 ibidem
693 632 900 742 advocatus·
918 631 963 709 de
984 640 1108 707 cetero
1125 628 1264 709 statua·
1303 633 1311 641 ”

237 764 333 845 tur,
376 746 442 825 nisu
462 770 571 847 qoem
593 765 659 848 tu,
707 751 766 825 vel
784 746 998 827 successores
1021 748 1077 825 tui
1100 771 1184 827 curn
1205 746 1264 828 as·'
1329 754 1336 763 '

238 863 346 945 se'nsu
363 863 527 941 omnium
542 863 699 948 fratrum
710 889 780 964 pro
795 867 949 944 utilitate
962 865 1122 941 maxima
1140 866 1267 943 decre-

240 978 371 1056 veritis
392 980 640 1057 statuendum.·
683 979 980 1057 Consecratioues
1008 979 1177 1058 altarium
1202 980 1265 1067 scu
1374 1037 1381 1069 ι

195 1136 204 1147 =
236 1088 503 1223 Basilicarum,
516 1089 761 1167 ordinationes
785 1090 1062 1167 monachorum
1079 1091 1139 1169 seu
1157 1093 1266 1170 cleri
1357 1168 1362 1174 .

239 1228 371 1281 corum
391 1206 569 1305 virorum,
589 1231 652 1305 qur
640 1206 712 1281 ad
729 1207 845 1285 sacros
861 1204 1006 1282 ordines
1020 1198 1162 1283 fuerint
1177 1230 1269 1307 pro·

237 1324 419 1399 movendi
442 1324 666 1402 adiecesano
689 1324 888 1422 suscipiatis
906 1323 1114 1425 Episcopo,
1157 1326 1267 1428 srqui

238 1436 326 1510 dern
348 1450 430 1535 grat
432 1435 502 1512 ῐιιιιι
520 1452 628 1535 atque
645 1435 948 1515 Comnrunionem
964 1436 1054 1513 sedis
1072 1440 1269 1537 apostolice

237 1522 441 1639 habuerit,
479 1570 516 1630 et
535 1577 578 1629 eu
597 1552 709 1651 gratis
731 1568 767 1629 et
782 1554 916 1650 absque
938 1553 1120 1666 pravitate
1147 1556 1269 1661 aliqua

239 1670 404 1745 voluerit
427 1670 627 1769 exhibere,
668 1670 830 1769 alioquin
854 1670 962 1747 liceat
986 1672 1090 1749 vobis
1115 1674 1266 1752 catholi-

242 1809 345 1881 cum,
370 1808 478 1881 quem
497 1784 714 1873 malueritis
728 1786 1054 1886 adireantistitern,
1080 1788 1267 1889 quinimi·

239 1922 328 2001 rum
349 1897 566 1975 austorirate
582 1899 672 1985 sedis
693 1895 888 1997 apostolice
910 1896 1046 1994 fultus,
1080 1902 1178 1996 quod
1203 1910 1269 1997 'po-

240 2017 418 2115 stuiatur,x
437 2016 634 2115 indulgeat.
686 2011 858 2087 Obeunte
884 2032 971 2086 vero
995 2010 1033 2087 te'
1057 2036 1156 2091 nunc
1176 2010 1269 2113 ejus·
1356 2054 1368 2062 ··

242 2132 329 2204 dens
347 2128 416 2203 loci
434 2128 579 2219 abbate,
593 2125 650 2199 vel
665 2142 812 2211 tuorum
828 2121 1076 2218 quorumlibet
1093 2123 1277 2204 successo-¹
1392 2200 1397 2223 ,

240 2268 353 2333 rum,
394 2245 511 2321 nuilus
543 2239 633 2317 inibi
659 2238 828 2337 qualibet
857 2236 1094 2335 surreptionis
1126 2240 1267 2338 astutia,
1309 2318 1315 2325 ,

241 2357 305 2433 vel
322 2355 495 2433 violentia
511 2343 760 2453 p1·eponatur{
801 2347 865 2427 nisr
887 2374 994 2448 quem
1015 2350 1150 2447 fratres
1170 2379 1268 2436 com·
1393 2338 1399 2351 ¹

241 2467 349 2549 ιιιιιιιὶ
367 2467 550 2565 consensu,
577 2465 635 2539 vel
646 2484 730 2562 pars
747 2459 887 2537 cousin
906 2462 1055 2537 sanioris
1075 2465 1119 2539 de
1136 2471 1268 2549 eodem

245 2582 430 2695 collegio,
456 2577 559 2657 autsr
579 2576 632 2655 ibi
649 2578 821 2671 idoneus,
846 2577 944 2671 quod
960 2576 1073 2673 absrt,
1097 2591 1267 2686 repertus

243 2722 319 2787 non
345 2695 479 2789 suerit,
517 2695 648 2771 secund
652 2714 712 2779 ιιιιι
729 2687 801 2765 Dei
817 2689 884 2764 tint
872 2708 1010 2787 rorem,
1036 2709 1072 2768 et
1092 2693 1191 2771 beati
1208 2700 1269 2774 Be·

229 2812 371 2895 ,arentin
387 2812 552 2908 regulam
568 2803 811 2905 previderinn
836 2805 1055 2903 eligendum
1102 2812 1266 2889 Decer-

244 2931 368 3008 nimus
393 2922 480 2997 ιειο
510 2938 550 2997 ut
570 2917 658 2995 nulli
676 2915 823 2991 omniuo
844 2917 1032 2993 hominum
1054 2924 1161 3000 liceat
1181 2947 1267 3025 pre

213 3051 219 3081 '
243 3046 364 3125 saturo
374 3036 574 3115 cenobium
586 3052 726 3110 tenuere
745 3029 987 3128 perturbare,
1012 3052 1074 3115 aut
1093 3039 1167 3139 ejus
1182 3038 1268 3140 pns-

245 3156 492 3237 sessiouesr
429 3156 492 3227 aui
495 3173 607 3245 erre,
635 3148 692 3222 vei
708 3146 844 3221 ablatas
829 3149 1051 3253 sretinere,
1083 3155 1268 3255 minuere,
1395 3145 1401 3157 ’

245 3297 310 3356 aut
333 3270 539 3350 temerariis
563 3261 830 3344 Venationibus
851 3262 1031 3365 fatigare,
1069 3268 1129 3345 sed
1146 3270 1271 3348 omniu
1398 3268 1402 3278 ’

244 3394 395 3489 integra
410 3375 671 3463 conserventur
690 3400 841 3474 eorum,
864 3402 933 3477 pro
955 3404 1112 3479 quorum
1130 3386 1269 3484 guber·
1346 3393 1350 3403 “

245 3522 444 3603 natioueet
457 3506 707 3609 sustentatione
724 3507 885 3585 concessu
898 3509 989 3603 sunt,
1014 3510 1134 3589 usibus
1153 3508 1268 3587 omni·
1331 3540 1342 3564 ι

245 3624 368 3717 modis
401 3627 616 3729 profuturas
642 3623 714 3725 tari
741 3622 918 3699 indicium
942 3643 1064 3705 autem
1081 3622 1283 3727 ‘percepte'
1305 3642 1317 3687 -’

162 3758 163 3771 '
246 3754 354 3851 hujus
369 3769 391 3821 a
406 3748 571 3825 Romanu
593 3734 740 3814 ecclesia
754 3736 956 3835 iibertatis,
994 3758 1032 3819 ct
1048 3745 1146 3841 quod
1168 3742 1269 3822 idem

249 3859 446 3941 cenobium
480 3853 578 3931 beati
602 3846 730 3927 Petri
717 3848 809 3947 puris
846 3852 973 3929 existat
996 3858 1102 3955 nobis
1124 3851 1269 3935 nostris·

250 4018 321 4101 que
348 3984 602 4069 successoribus
629 3980 830 4057 blzarrtiuru
859 3962 973 4062 ιιιιιιιιι
994 3993 1100 4070 annis
1119 3993 1268 4088 fingulis

250 4102 475 4219 persolvetis
511 4097 536 4176 su
561 4118 632 4194 qua
657 4117 746 4173 vero
767 4095 807 4174 in
827 4094 995 4182 furorum
1013 4121 1084 4190 etc
1127 4131 1166 4193 et
1182 4123 1269 4199 reli·

281 4224 761 4420 NouirrbssiinoVH.
858 4223 896 4303 H
1034 4274 1060 4319 ,1
1199 4239 1337 4357 qus
