3209 4992
435 328 444 348 b

356 462 428 550 st·
755 449 969 554 Ἢ
1018 518 1059 561 ·.

558 590 564 611 1

687 724 692 731 .
750 602 1001 754 cxxrxj

352 796 483 885 ‘utuo
516 802 666 887 CLERI
697 804 1001 887 MOGUNTINI
1035 806 1256 893 CONTRA
1294 814 1379 893 Du

323 922 335 935 ··
526 906 695 987 ,cinnor
719 908 752 977 A
779 912 894 979 rnen
919 911 1198 985 rueosrrnn.

350 1064 410 1241 Io
428 1066 578 1143 nomine
594 1066 744 1145 Domini
770 1070 910 1148 Amen.
964 1071 1055 1147 Cum
1077 1072 1233 1171 persone
1251 1074 1377 1148 Eccle·

409 1162 544 1240 siastico
558 1166 637 1263 plns
657 1163 733 1262 alijs
754 1182 947 1245 teneantur
963 1170 1009 1243 ad
1035 1190 1147 1284 opera
1175 1170 1322 1268 pietatis
1343 1182 1376 1245 et

350 1279 478 1341 mutue
500 1259 748 1360 compallionis
761 1260 985 1370 :suffragium
1005 1264 1071 1341 sibi
1091 1266 1247 1343 invicem
1265 1266 1303 1342 in
1317 1267 1379 1341 ad·

349 1359 461 1437 versu
484 1375 520 1433 et
552 1373 687 1469 quanto
708 1362 754 1434 ad
775 1361 847 1436 hoc
879 1360 1090 1460 propensius
1115 1364 1379 1463 astringuntur,

235 1523 244 1546 t
350 1470 453 1535 tanto
476 1455 643 1531 licentius
661 1477 705 1531 ca
723 1455 849 1533 facere
867 1458 1038 1555 valeaut‚
1072 1477 1140 1558 per
1161 1482 1232 1557 que
1248 1481 1377 1556 pesve·

349 1554 452 1631 nitur
476 1554 522 1627 ad
538 1550 639 1628 illud.
689 1551 810 1652 Igitur
832 1556 1122 1632 nosHermaouus
1138 1554 1251 1632 sansti
1269 1555 1376 1632 Alba·
1454 1556 1455 1561 '

347 1651 403 1747 ssi,
433 1651 537 1725 iatzo
556 1645 668 1725 sansti
677 1650 792 1743 jacobi
808 1650 976 1729 Abbates
993 1651 1294 1729 monasteriorum
1310 1674 1373 1727 ex·
1425 1642 1429 1665 '

328 1761 408 1842 ,trs
434 1766 555 1852 muros
580 1744 821 1849 Maguotinos
866 1746 1003 1825 ordinis
1041 1745 1154 1825 sonui
1189 1746 1375 1842 Beneditii,
1454 1840 1455 1843 Ν

351 1848 433 1921 Otto
449 1841 624 1941 Majoris,
668 1843 853 1919 Gnosium
870 1842 982 1921 sanus
996 1845 1123 1941 Petri,
1159 1848 1378 1921 Hermdnnus

348 1936 639 2043 sttndlifiepdani,
668 1942 846 2017 cunradus
869 1940 983 2019 sunsli
1013 1941 1168 2037 sudoris,
1197 1941 1379 2017 Heinricur
1454 1960 1455 1979 ¹

347 2035 470 2118 noue
492 2037 605 2110 Maris
625 2036 833 2135 indictonis,
864 2038 1084 2116 dermannus
1110 2034 1232 2115 noete
1257 2038 1378 2114 Mario

347 2138 398 2213 ad
409 2136 559 2243 gradum
582 2133 711 2209 Petrus
731 2132 844 2211 unus
855 2132 1036 2231 mauritij,
1057 2134 1283 2210 Tdilmanuus
1298 2132 1379 2210 san·

348 2231 402 2310 tu
415 2233 575 2326 joliannis
594 2250 631 2306 et
648 2231 814 2306 Nicotaus
831 2230 944 2308 sansli
963 2228 1109 2326 Gingolfi
1136 2232 1234 2308 intra
1258 2248 1295 2307 et
1314 2250 1379 2307 cx·

346 2346 407 2407 tm
436 2346 559 2403 muros
593 2328 764 2426 Moguutf
791 2326 1031 2405 Ecclesiarunt
1051 2326 1194 2405 Decani
1215 2346 1379 2404 necnon

349 2428 562 2504 Conventus
579 2439 615 2498 et
637 2423 806 2522 capitula
826 2422 1125 2502 monasteriorum
1144 2440 1180 2500 et
1200 2420 1376 2499 Ecclesia·
1453 2502 1454 2521 Ν

347 2546 432 2603 rum
453 2516 702 2619 preotuarum
725 2520 1019 2621 recognoscimus
1057 2538 1093 2597 et
1118 2523 1165 2595 ad
1188 2520 1379 2597 universo·
1453 2540 1454 2591 r

347 2642 447 2714 runt,
459 2638 614 2717 quorum
628 2616 776 2693 interest
787 2616 960 2693 noticiam
979 2617 1190 2694 deducimus
1208 2639 1277 2716 per
1288 2637 1378 2713 pre·

346 2717 486 2812 semes,
512 2714 609 2813 quod
625 2735 689 2790 nos
715 2732 868 2829 propter
883 2716 953 2790 hoc
979 2718 1022 2790 od
1045 2714 1255 2790 faciendum
1273 2714 1378 2803 vide,-

346 2815 434 2893 licet
453 2812 753 2908 infrascriptam
772 2834 884 2889 unum
899 2811 1039 2909 pariter
1053 2808 1269 2911 cougregati
1287 2830 1380 2909 pcn-

347 2912 464 2992 santes
484 2910 655 2989 moderni
682 2909 857 3009 temporis
878 2908 1112 3007 pravitatem,
1138 2909 1235 3007 quod
1254 2904 1379 3081 Froch

350 3011 454 3087 dolor
469 3010 549 3105 plus
568 3006 605 3083 in
640 3008 776 3083 clerum
801 3027 908 3103 quam
933 3005 972 3081 in
997 3005 1085 3081 alios
1116 3021 1152 3079 et
1182 3025 1250 3103 pre
1268 3002 1379 3079 ertim

347 3106 387 3185 in
404 3104 531 3182 nostris
548 3104 713 3201 partibus
729 3103 887 3180 seviente
917 3104 1093 3182 malorum
1123 3098 1379 3197 persecutione

347 3202 529 3297 invaluit,
568 3199 651 3297 quia
664 3198 754 3276 sicut
767 3198 949 3309 notorium
968 3198 1017 3273 est
1034 3196 1156 3275 clerici
1174 3212 1210 3273 et
1223 3194 1379 3312 ⁴religio-

349 3300 377 3380 st
395 3302 433 3376 in
451 3297 487 3375 se
509 3313 547 3373 et
564 3298 632 3373 luis
648 3295 752 3373 bonis
761 3296 905 3393 juribus
923 3313 958 3381 at
976 3292 1206 3371 libertatibus
1226 3292 1379 3369 cottidie

348 3396 587 3487 invaduntur,
598 3392 859 3492 exspoliantur,
873 3391 977 3469 novis
990 3408 1026 3467 et
1035 3389 1184 3468 insolitis
1206 3387 1379 3467 tolleitu—
1452 3418 1453 3437 Ν

347 3508 476 3573 rumet
489 3490 671 3568 talliarum
681 3487 978 3587 imposicionibus
990 3488 1108 3586 etalijs
1120 3484 1378 3563 exauionibus

348 3589 521 3669 indebitis
547 3587 806 3688 opprimuntur
825 3602 862 3662 et
882 3584 1088 3661 afficIuntur
1116 3598 1264 3659 eatenus
1283 3597 1321 3658 ct
1338 3582 1378 3657 in

345 3703 503 3782 tuntum,
528 3684 625 3781 quod
639 3683 704 3761 uix
720 3683 900 3781 aliquibus
919 3681 1073 3781 ecclasrjs
1087 3699 1124 3757 et
1142 3679 1303 3777 personis
1325 3678 1376 3753 est

352 3780 589 3865 necessarium
606 3782 653 3857 od
668 3780 743 3856 vite
761 3777 1092 3873 conservationem,
1131 3775 1305 3851 medietas
1320 3774 1376 3851 sa·

309 3934 318 3952 ,
352 3883 550 3972 cultatum,
591 3876 821 3975 scientesque
840 3876 937 3974 quod
968 3876 1018 3952 est
1048 3890 1149 3969 certo
1176 3872 1311 3950 certius
1329 3893 1377 3947 ex

347 3977 417 4081 hijs
439 3994 476 4052 et
498 3974 575 4074 alijs
596 3971 872 4065 advcrfitatibus
891 3987 927 4047 et
945 3967 1091 4047 sinistris
1110 3967 1301 4045 eventibus
1318 3967 1374 4043 iu·
1451 3982 1452 4069 l

345 4072 585 4156 tolerabiliter
613 4093 678 4148 nos
706 4086 877 4171 gravatos
896 4066 964 4143 else
985 4085 1021 4144 et
1038 4064 1284 4154 verisimiliter
1297 4062 1375 4140 for·
1451 4080 1452 4085 ‘

344 4174 525 4261 midantes
543 4165 700 4266 antplius
714 4163 933 4267 pregravari
959 4178 997 4243 et
1011 4164 1158 4264 prorsus
1184 4160 1222 4239 in
1251 4176 1374 4271 exter·

1302 4278 1371 4335 uu·
