3209 4992
364 404 488 571 ortx
686 534 690 541 -
767 463 982 575 W

361 666 513 754 ιιιιιιιι
546 684 632 747 eom
665 662 932 769 pnoerpaoous
967 662 1085 746 eoru
1116 642 1162 775 ἐι·
1187 662 1397 771 vasoragrjs
1424 650 1447 715 o

363 784 511 871 suorum
529 782 723 886 presertim
742 807 828 865 cum
848 806 870 862 a
888 807 1023 864 corona
1038 783 1159 885 Regni
1171 784 1312 885 prefati
1330 788 1393 867 iu-
1425 776 1447 943 E}

1432 1004 1447 1057 ιι

360 905 520 990 mediate
553 901 810 1000 dependeant,
873 900 1012 983 dilium
1042 912 1199 1003 quoque·
1216 909 1391 989 ducatum

360 1010 695 1102 wratislaviensem
708 1039 793 1095 eum
817 1015 965 1096 civitate
982 1016 1266 1114 Wretislevienli
1282 1018 1391 1097 novi-

361 1134 499 1221 roreno
533 1130 886 1213 rnoctooerneoo
924 1102 1127 1213 ιιιιινιειι
1155 1130 1325 1208 oaeneon
1349 1150 1392 1215 et
1433 1093 1447 1173 l

287 1277 292 1285 ’
359 1242 589 1357 glogovienli
607 1262 645 1322 et
666 1248 796 1326 ceteris
809 1250 927 1352 opidis
944 1250 1080 1329 ibidem
1103 1266 1171 1323 nee
1194 1271 1268 1324 non
1280 1236 1447 1332 Mar-i

358 1369 480 1449 chium
498 1358 786 1443 Budiss'enenseru
805 1359 1046 1463 gerlicensem
1061 1384 1146 1441 cunr
1164 1362 1304 1448 vasellis
1319 1391 1385 1449 va
1433 1274 1447 1407 l

357 1479 511 1585 lillagijs
527 1476 645 1558 feodis
663 1476 871 1579 feodatarijs
891 1480 1104 1557 utilitatibus
1118 1476 1303 1559 sruslibus
1320 1487 1386 1567 ob·
1435 1471 1445 1544 l

356 1590 590 1680 ventionibus
608 1588 925 1691 jurisdidiior'ribu's
945 1589 1089 1693 Judicijs
1110 1576 1337 1672 honoribus'
1321 1617 1441 1696 Ju·
1437 1566 1447 1639 l

350 1694 461 1798 ribus
488 1703 815 1791 consuetudinibus
823 1723 860 1785 et
875 1708 1044 1786 omnibus
1061 1704 1242 1786 dislorum
1256 1702 1447 1789 buca-l

191 1834 197 1847 ’
353 1848 413 1911 tus
432 1822 646 1907 etilllarchie
667 1818 895 1921 pertinentijs
911 1824 1016 1900 velut
1033 1821 1120 1899 utile
1138 1838 1174 1899 et
1191 1822 1382 1906 immedio
1438 1814 1447 1891 ιι

246 1994 259 2013 =
352 1962 433 2026 tum
452 1937 655 2020 dominium
674 1936 775 2017 strum
796 1956 834 2015 et
853 1938 977 2039 Regni
990 1937 1141 2017 Bo'emie
1159 1938 1293 2040 prefati
1325 1944 1379 2021 ei·
1440 1950 1447 2001 ι

352 2068 439 2143 dem
459 2080 580 2166 regno
598 2071 635 2135 et
650 2052 724 2155 ejus
739 2053 841 2133 felici
858 2076 992 2133 corone
1011 2057 1048 2132 in
1069 2070 1286 2177 perpetuum
1308 2082 1378 2139 no·
1439 2042 1447 2115 l

351 2174 426 2257 liro
448 2188 484 2252 et
504 2160 659 2249 aliorum
679 2168 924 2263 Dominarum
938 2168 1146 2268 Principum
1159 2160 1378 2252 Ειειιοιιιιιι
1440 2152 1447 2225 l

353 2294 563 2374 accedente
570 2283 742 2365 consensu
763 2283 962 2385 adjunxit
951 2286 1200 2389 rneorporavit
1225 2288 1434 2371 invil'ce-
1441 2262 1447 2339 l

350 2406 450 2489 ravit
480 2397 653 2501 adscripsit
684 2396 941 2531 appropriavit
971 2416 1009 2477 et
1044 2398 1311 2499 indivisibiliter
1332 2428 1434 2484 ac
1433 2405 1447 2465 ι

350 2506 642 2618 inseparabiliter
656 2500 909 2609 communivit,
936 2512 1138 2613 specialiter
1152 2514 1310 2597 etiamet
1326 2542 1376 2598 ιιι
1445 2528 1446 2533 '

274 2640 281 2651 ‘
350 2631 504 2715 nomine
525 2623 713 2725 predidlus
740 2618 921 2705 Dominus
948 2628 1069 2713 noster
1094 2625 1328 2728 Imperator
1316 2654 1376 2710 ur·
1445 2676 1446 2683 κ

191 2766 195 2774 ’
351 2742 575 2859 terpretatur
594 2739 644 2816 eli
671 2736 865 2833 diffinivit,
879 2736 1131 2840 pronuntiavit
1158 2740 1378 2839 protestatus

351 2852 404 2942 est
415 2876 452 2939 et
469 2857 563 2937 dixit
575 2879 619 2936 ac
638 2858 796 2937 decerta
812 2856 873 2935 sua
889 2857 1038 2936 scientia
1057 2859 1254 2936 declaravit
1274 2860 1374 2957 quod

347 2975 489 3088 prefati
510 2975 619 3054 duces
637 2974 737 3053 slefie
759 2989 795 3053 et
812 2976 959 3053 Polonre
973 2973 1124 3051 heredes
1150 2988 1186 3050 et
1204 2975 1378 3055 lbccello·

348 3118 410 3178 res
426 3091 614 3195 ipsorum
600 3115 641 3170 ιιι
656 3101 876 3191 perpetuum
906 3086 1081 3188 quociens
1102 3084 1265 3167 Ducatus
1293 3112 1377 3170 eos·
1435 3089 1438 3148 ι

351 3214 437 3289 dem
464 3224 528 3286 aut
554 3208 708 3285 alterurn
743 3227 791 3284 ex
812 3204 862 3283 eis
888 3224 1020 3284 vacere
1047 3202 1246 3303 contigerit
1277 3203 1440 3336 ipsos

347 3317 408 3433 vel
440 3321 559 3423 ipsum
586 3318 773 3421 aprefato
796 3310 957 3397 Domino
993 3312 1113 3406 nostro
1145 3284 1440 3418 imperatore

345 3423 535 3539 tamquam
552 3456 575 3514 a
591 3434 698 3536 Rege
708 3433 858 3513 Boemie
874 3454 917 3509 ac
934 3430 1139 3511 heredibus
1146 3450 1184 3510 ct
1198 3432 1375 3515 succesib-

347 3550 453 3631 ribus
473 3548 543 3625 suis
563 3545 709 3625 Boemie
739 3547 928 3625 dumtaxat
946 3542 1111 3647 Regibus
1135 3563 1172 3622 ct
1192 3568 1214 3622 a
1236 3568 1375 3629 corona
1437 3627 1441 3644 ,

347 3656 480 3762 Regni
490 3656 642 3737 Boemre
657 3654 794 3757 prefati
814 3658 952 3755 absque
973 3654 1174 3735 reniteocie
1199 3656 1261 3735 seu
1278 3658 1376 3739 diffi-

344 3772 548 3857 cultatem
575 3770 725 3851 feodum
761 3785 956 3852 teneantur
988 3770 1169 3872 suscipere
1200 3772 1376 3878 &dinque
1439 3807 1443 3828 ·

245 3917 247 3924 ’
345 3880 510 3967 Domino
530 3880 750 3981 Imperatori
770 3876 942 3980 tanquam
965 3879 1064 3983 Regi
1081 3882 1231 3961 Boemie
1259 3884 1374 3968 here·

345 4002 451 4125 dibus
474 4025 513 4087 et-
530 4006 786 4090 succesoribus
808 4008 877 4088 suis
895 4005 1042 4089 Boemie
1059 4006 1225 4120 Regibus
1250 4032 1287 4092 et
1305 4039 1373 4097 co·
1437 4089 1441 4098 .

339 4119 432 4213 ioue
450 4124 584 4262 Regni
606 4124 767 4231 ejusdcm
780 4126 930 4239 bonag
894 4149 997 4212 ιιιιι
1018 4113 1226 4211 obedientie
1251 4132 1374 4213 fideli

1285 4264 1376 4355 tatis

336 4505 1320 4789 nans·
