3209 4992
714 376 723 389 ‘
846 388 855 419 ι

575 574 582 595 ¹
631 470 850 577 Ἢ,
1126 522 1134 533 ·
1176 496 1245 554 ιιι

214 696 264 753 ac
286 669 419 750 deinde
446 663 579 752 michi,
617 668 782 769 meisque
811 670 965 771 posteris
982 668 1169 772 Episcopis
1188 692 1250 749 ar-

217 785 501 895 gentinenfibus
526 804 569 861 eo
587 796 741 885 tenore,
769 810 841 887 quo
856 785 1016 887 predisli
1033 785 1250 866 ministeria-

216 909 274 984 les
297 898 467 979 serviant.
496 895 665 997 quivero
684 900 729 975 de
747 898 888 980 familia
908 898 982 1003 ejus
1000 898 1103 997 sunt,
1142 924 1186 980 ea
1198 906 1251 982 le·

218 1039 271 1119 ge
289 1011 551 1095 constitutionis
568 1014 679 1092 Beate
691 1014 810 1093 Marie
827 1040 911 1095 cum
928 1016 1028 1095 omni
1046 1038 1173 1095 eorum
1185 1043 1251 1118 po·

219 1129 388 1210 sleritate
401 1125 573 1224 tradidit,
614 1145 655 1207 ut
669 1128 749 1229 post
771 1149 929 1211 mortem
944 1130 1052 1232 ipsius
1074 1130 1251 1210 masculus

191 1321 194 1327 .
221 1250 339 1342 duos,
364 1242 524 1322 foemina
540 1264 653 1323 unum
672 1246 864 1326 denarium
886 1249 1082 1328 secundum
1104 1247 1254 1325 consue·

218 1357 395 1437 tudinem
423 1371 521 1437 terre
552 1350 767 1439 camerario
800 1361 1063 1466 argentinensis
1093 1361 1253 1455 Ecclesre

222 1471 461 1574 persolvant,
485 1470 651 1552 similiter
662 1490 705 1553 et
719 1477 850 1575 predia
864 1476 926 1555 sua
942 1476 982 1554 in
999 1477 1129 1575 Griez,
1144 1488 1187 1578 g)
1212 1476 1255 1558 in

226 1587 485 1697 Oderatelrusm
505 1588 549 1683 h)
570 1588 611 1669 in
632 1590 751 1669 Adello
767 1592 918 1669 Zelwire
934 1592 969 1689 i)
993 1594 1122 1671 tamin
1141 1591 1255 1695 agris,
1282 1602 1291 1611 ’

227 1725 342 1802 quam
359 1700 397 1783 in
415 1700 551 1802 pratis,
575 1715 652 1781 tam
671 1704 711 1781 in
732 1704 828 1783 silvis
844 1696 953 1807 quam
972 1702 1011 1783 in
1028 1706 1255 1795 fluminibus,
1294 1800 1296 1804 Ι

224 1817 342 1895 Beate
364 1812 484 1889 Merit
513 1812 678 1913 legitime
700 1816 856 1916 tribuit,
899 1839 942 1893 ea
967 1816 1110 1896 ratione
1139 1833 1179 1895 ut
1203 1817 1255 1896 eis

229 1929 421 2031 quamdiu,
446 1930 529 2007 Deo
543 1944 740 2030 annuente,
767 1932 919 2027 vixerit,
942 1948 1077 2009 utatur.
1110 1932 1257 2012 Deinde

226 2046 268 2122 in
283 2042 500 2144 potestatem
519 2056 556 2121 et
573 2043 677 2122 usum
695 2067 821 2123 meum
845 2062 881 2123 et
895 2044 1137 2143 posteriorum
1152 2070 1258 2125 meo·
1341 2102 1349 2117 ι
1443 2085 1444 2100 ι

227 2182 316 2239 rum
325 2156 590 2258 Episcoporum
601 2161 718 2237 libere
732 2177 768 2237 et
780 2158 1045 2259 perpetualiter
1059 2161 1257 2245 transeant.

160 2278 161 2321 ³
230 2266 331 2371 Quia
348 2266 463 2365 igitur
477 2282 577 2346 tanta
595 2268 694 2346 fadla
707 2268 897 2368 prudentis
909 2266 1003 2367 viri,
1028 2268 1090 2368 qui
1109 2270 1259 2351 domum

228 2383 332 2462 snam
351 2364 654 2483 edificavitsupra
668 2384 811 2461 firmam
835 2382 993 2484 petram,
1007 2400 1168 2484 pepetue
1181 2407 1259 2461 me-

160 2514 162 2519 ’
228 2498 351 2582 morie
369 2498 625 2576 commendare
638 2499 898 2598 cupimus,hoc
912 2500 1157 2602 privilegium
1175 2503 1259 2584 fieri

228 2606 410 2717 jussimus,
419 2608 575 2711 etfigilli·
584 2610 696 2689 nostri
706 2611 939 2711 impressione
952 2612 1196 2713 fignavimus3
1222 2628 1261 2688 et

231 2750 274 2811 ut
290 2718 688 2827 firma'permuneant,
734 2752 789 2807 env
803 2726 1020 2807 ausloritate
1044 2728 1143 2806 beati
1162 2729 1262 2805 Petri
1381 2728 1388 2738 ’
1444 2761 1445 2784 r

161 2858 162 2871 ¹
234 2842 437 2925 etDomini
452 2842 547 2942 Pape
560 2842 746 2919 Inuocmtii
753 2860 797 2919 et
816 2844 936 2920 nostra
947 2846 1194 2944 precepimus,
1221 2860 1264 2924 ut

233 2962 344 3062 siquis
367 2960 436 3036 hec
466 2957 672 3058 infringere
704 2961 957 3059 temptaverit,
995 2960 1185 3037 anathema
1206 2960 1262 3043 fit.

235 3080 340 3164 Aeta
368 3078 449 3158 sunt
470 3078 541 3156 hec
566 3099 662 3154 anno
687 3074 731 3151 ab
756 3076 1007 3155 incarnatione
1031 3079 1185 3175 Domini
1201 3083 1260 3161 Μ.
1444 3107 1445 3166 3

219 3210 226 3273 ’.
237 3205 281 3281 C.
308 3254 320 3279 .
347 3256 357 3277 .
383 3202 416 3290 l)
441 3197 505 3277 sub
519 3218 618 3299 rege
636 3192 798 3275 Ouarada
828 3212 865 3275 et
881 3184 1079 3281 Gelebarrlo
1098 3200 1264 3305 argenti·
1403 3255 1408 3267 .
1444 3195 1445 3230 ³

219 3315 340 3421 'nenli
356 3313 559 3417 Episcopo,
582 3340 642 3393 me
661 3338 806 3414 quoque
819 3313 1003 3414 presente,
1029 3316 1092 3413 qui
1111 3338 1155 3393 eo
1172 3316 1265 3396 tem-³

237 3455 330 3533 pore
357 3430 414 3509 fui
439 3430 643 3533 prepositos
667 3430 849 3527 Auellaui‘,
882 3428 1130 3518 attestantibus
1153 3432 1266 3512 etiam

161 3546 162 3553 '
237 3538 447 3642 subscriptis
464 3541 640 3643 religiosis
661 3540 851 3641 personis,
878 3542 1041 3631 adelgoto
1063 3542 1264 3643 preposito,

239 3664 375 3743 Karon
389 3659 560 3753 Decano,
587 3656 759 3755 Bertholfo
778 3656 949 3752 custode,
976 3656 1149 3759 Bertlolfo
1166 3661 1263 3739 Can.
1388 3658 1393 3664 ’

242 3794 347 3873 tore,
377 3776 617 3868 reginhardo,
644 3771 825 3867 Heinrico,
852 3768 1053 3867 ceterisque
1080 3775 1264 3856 canonicis

244 3886 402 3973 Heinrico
424 3895 623 3983 advocato,
654 3884 1047 3979 tratemundum,
1075 3887 1264 3969 Causidico

249 4008 421 4110 Walsrido
435 4005 680 4099 vicedomino,
710 4004 940 4095 cherammo,
970 4000 1159 4101 Gotefrido,
1189 4007 1267 4077 Gel-

236 4122 359 4223 srado,
388 4122 563 4216 sirmundo,
592 4116 720 4193 etallis
741 4112 1051 4215 quamplurimis,
1081 4130 1261 4217 regnante

244 4237 404 4341 Domino
427 4238 545 4317 nostro
563 4231 641 4331 Iesu
660 4231 880 4421 'Christos-5
1224 4335 1266 4421 ι)
