3209 4992
268 645 401 724 divinis
425 646 512 728 estis·
530 652 728 754 mancipati
756 654 959 755 obsequiis,
1004 677 1090 737 enm
1114 654 1283 738 omnibus

266 752 406 836 ibidem
431 760 469 838 in
489 766 635 862 presens
651 767 828 868 conlatis,
857 773 917 847 vel
934 771 973 848 in
992 772 1177 870 posterum
1201 793 1292 848 con·
1356 815 1362 824 ›

265 883 430 962 ferendis
443 885 509 964 snb
522 891 714 990 apostolice
723 893 812 970 sedis
823 892 978 972 tuitione
990 885 1191 993 specialiter
1205 914 1312 970 conv
1335 957 1338 968 ,

264 989 492 1092 fovendum,
527 1002 627 1088 beati
645 1005 747 1082 Petri
762 1002 843 1081 vice
865 1002 1078 1104 suscipimus
1096 1018 1135 1080 et
1156 1024 1292 1101 perpe·

265 1124 367 1188 tuam
384 1113 419 1190 ei
432 1112 638 1225 libertatern
649 1117 1072 1221 apostolicaaudioritate
1091 1117 1293 1216 statuimus,

261 1243 375 1326 atque
405 1244 534 1308 contra
561 1231 774 1332 iniquorum
815 1233 979 1329 omnium
1015 1231 1296 1316 infestacionem

260 1340 441 1444 presentis
465 1343 652 1449 privilegii
666 1341 829 1428 ‘decreto
855 1346 1133 1424 communimus.
1170 1344 1293 1422 statui-

258 1487 343 1542 mus
370 1463 499 1563 enim,
540 1483 582 1546 ut
599 1467 798 1564 univerlb,
822 1490 908 1576 oue
929 1469 976 1544 ad
994 1469 1150 1546 eundem
1169 1469 1294 1548 locum
1354 1536 1358 1544 ,
1380 1503 1384 1510 ·
1408 1559 1411 1586 Ι

260 1579 431 1684 legitime
452 1581 638 1681 pertinere
654 1584 840 1682 videntur,
865 1583 936 1682 'que
953 1585 1011 1660 vel
1033 1583 1218 1684 predidlus
1231 1605 1292 1657 co·
1428 1656 1430 1661 .

257 1719 342 1774 mes
362 1694 590 1793 Wernoern,
622 1699 681 1772 vel
699 1696 750 1778 sui
781 1697 933 1796 heredes
953 1714 990 1775 et
1005 1695 1217 1775 succellbres
1238 1695 1292 1774 di·

260 1811 350 1888 vine
366 1810 594 1924 aspirationis
622 1809 794 1890 instindiu
811 1813 889 1912 ipso
924 1812 1139 1892 monasterio
1164 1824 1292 1890 contu-
1398 1819 1400 1823 ’

257 1931 405 2021 lerunt,
441 1947 505 2004 aut
529 1926 707 2026 quidquid
726 1934 897 2028 preterea
918 1929 1074 2004 aliorum
1095 1927 1292 2007 devotione

256 2041 424 2120 fidelium
440 2037 614 2120 haetenus
631 2044 814 2119 conlatum
833 2042 905 2138 est',
945 2057 1008 2118 aut
1036 2041 1205 2140 deinceps
1229 2065 1313 2151 an·¹
1387 2057 1392 2066 '
1418 2064 1425 2074 ’

167 2207 168 2258 ,
258 2171 399 2234 nuente
427 2155 510 2232 Deo
544 2156 778 2264 conferetur,
824 2158 919 2235 salvo
944 2158 1049 2235 vobis
1078 2171 1114 2235 et
1139 2178 1290 2257 pervus

166 2307 168 2368 3
259 2271 385 2348 eidem
401 2267 558 2345 Ecclesre
573 2271 712 2347 illibata
726 2269 993 2350 conserventur.
1020 2272 1060 2348 ln
1075 2271 1206 2371 quibus
1220 2271 1291 2349 hee
1337 2273 1346 2290 ⁴

166 2377 167 2410 ³
256 2384 423 2488 propriis
434 2383 1177 2482 visasuntexprimendavoeabulis:ipsum
1187 2384 1293 2496 vide·

165 2483 167 2612 i
254 2506 347 2584 licet
366 2499 558 2582 cenobium
570 2525 653 2581 eum
664 2500 964 2601 sexusutriusque
974 2500 1180 2601 mancipiis,
1189 2516 1289 2578 cete-

165 2615 167 2628 ’
247 2601 389 2717 risque
410 2615 478 2694 suis
487 2615 790 2716 appertinentiis.
801 2619 843 2710 d)
868 2617 1134 2716 parrochialem
1146 2607 1306 2714 quoque

165 2787 166 2790 a
257 2729 460 2812 Ecclesiam
476 2729 614 2820 ibidem
630 2731 733 2816 sitam
748 2755 835 2812 curn
859 2733 998 2831 capella
1019 2729 1231 2823 Rognesdarb
1250 2745 1289 2824 e)

251 2849 432 2932 allodium
451 2846 489 2923 in
515 2847 791 2945 Seberwz‘lre,f)
824 2847 995 2946 predium
1017 2845 1290 2943 apudMaclen·

252 2975 347 3046 heim
367 2975 412 3067 g)
432 2962 601 3063 predium
623 2966 719 3063 apud
733 2961 935 3063 fruolsheim
951 2961 994 3053 h)
1015 2959 1114 3038 aliud
1135 2958 1173 3038 iu
1195 2961 1287 3050 Ege·

255 3083 466 3174 oesbeim,i)
510 3080 681 3180 aliudque
710 3081 749 3159 in
774 3077 987 3158 Reinenieim
1008 3077 1037 3169 l)
1060 3073 1284 3178 Poliessiones

257 3201 358 3304 apud
378 3195 670 3295 Marcoloisbeim,
685 3209 741 3290 m)
765 3197 863 3296 apud
886 3191 1113 3272 Breiteobeim
1131 3195 1174 3285 n)
1186 3190 1286 3291 apud

257 3314 525 3398 Heidnloesleiln
554 3317 594 3409 o)
617 3331 653 3392 et
681 3317 778 3414 apud
807 3313 977 3427 Nortbos.
1010 3315 1054 3408 p)
1114 3307 1287 3386 Prediutn

205 3523 209 3532 ,
256 3457 404 3538 quoque
421 3435 459 3512 in
468 3433 709 3536 Lotbaringia
724 3457 745 3510 a
759 3434 855 3510 bone
870 3429 1047 3509 memorie
1056 3426 1207 3525 Ludolfh
1224 3430 1288 3504 co·

255 3561 347 3640 mite
368 3549 514 3657 ejusque
535 3551 712 3658 conjunge
735 3554 924 3645 Adelbezfda
945 3545 1119 3630 comitilia
1141 3549 1187 3624 ad
1201 3569 1287 3648 pre-

256 3677 374 3756 fatum
405 3669 662 3749 monasterium
706 3667 829 3748 sanilo
865 3662 1028 3751 Michaeli
1062 3662 1283 3762 archangelo

255 3791 432 3871 traditum
463 3786 560 3884 apud
588 3783 820 3882 Geberesnlorf
830 3784 870 3877 k)
887 3778 1022 3858 scilieet
1043 3775 1171 3876 fisum,
1198 3802 1284 3860 eum

178 3933 180 3940 ’
257 3903 519 3989 omnibus·fibi
549 3899 632 4003 jure
657 3898 938 3990 adherentibus,
980 3895 1146 3971 necnon
1171 3895 1286 3970 eccle·
1422 3936 1426 3949 .

256 4022 342 4108 fiam
371 4005 409 4096 in
443 4017 549 4095 Wzlrc
573 4017 612 4116 q)
639 4041 722 4096 cum
745 4015 816 4095 suis
839 4008 1039 4091 attinentiis
1071 4005 1119 4082 ab
1154 4006 1283 4085 eadem

256 4129 432 4218 comitilia
451 4130 555 4214 vobis
576 4129 768 4233 traditam,
810 4126 880 4213 hec
912 4121 1017 4203 vobis
1044 4116 1212 4238 habenda
1245 4133 1286 4320 ἓ

770 4249 848 4343 Ca
905 4290 908 4296 ·
956 4304 962 4314 ‚
1192 4259 1247 4347 ΡΟ
1426 4304 1427 4337 t
