3209 4992
591 406 848 515 1¹⁹&
1186 426 1255 512 ιιι
1365 416 1368 420 ’

207 590 305 700 ne,
347 620 390 684 ut
417 626 486 685 nec
508 602 589 705 ipse
607 602 830 707 Episcopus,
861 633 931 689 nec
955 608 1087 710 aliquis
1093 608 1253 691 suorum
1355 708 1358 712 ¹

223 710 474 807 succesnrum
489 722 725 815 sollicitarent
738 731 896 805 eundem
915 731 1037 809 locum
1052 753 1121 830 pro
1138 730 1257 832 cujus
1277 820 1280 825 ,

224 837 328 916 libet
344 835 511 914 secularis
527 834 690 934 obsequii
707 838 845 938 debito,
870 840 933 919 sed
951 858 989 919 et
1004 842 1069 943 ipli
1086 842 1254 942 poffelso·
1301 852 1304 859 '

226 977 296 1035 res
314 954 386 1031 loci
404 950 635 1053 polliderent
650 978 709 1035 res
729 956 809 1035 suas
824 960 871 1036 ad
891 958 1037 1058 presens
1055 961 1195 1039 habitas
1217 977 1257 1041 et

228 1066 273 1145 in
295 1067 465 1145 futurum
481 1066 664 1145 habendas
692 1069 892 1146 cumomni
912 1068 1122 1173 integritate
1137 1088 1173 1151 et
1190 1097 1257 1175 pa·

228 1208 303 1281 ce,
337 1184 385 1260 ad
408 1182 604 1261 utilitatem
632 1182 706 1262 loci
727 1198 763 1263 et
788 1185 1076 1266 cohabitatomm
1106 1186 1180 1289 ejus
1213 1188 1256 1270 in
1373 1275 1378 1287 x

226 1299 360 1381 chrilli
375 1300 523 1378 nonune
541 1297 701 1377 feliciter
713 1299 924 1399 profuturas
942 1316 980 1381 et
993 1326 1103 1408 manu
1118 1303 1255 1405 scripto
1302 1314 1313 1391 ,”
1348 1344 1351 1351 ·

226 1426 300 1507 suo
321 1423 361 1501 in
385 1422 483 1501 bunc
510 1420 660 1497 modum
682 1410 937 1503 'confirmavit
972 1457 974 1466 ·
1004 1428 1099 1503 Cum
1129 1443 1256 1506 autem

228 1533 376 1639 placuit
391 1530 446 1624 ei,
474 1530 538 1629 qui
556 1530 678 1609 aufert
695 1530 873 1631 Spiritum
897 1533 1132 1635 Principum,
1155 1535 1256 1635 quod

232 1675 306 1751 eo,
333 1650 378 1724 de
392 1646 513 1723 medio
529 1643 682 1741 sublato,
693 1667 778 1747 *ego
795 1648 990 1727 Borcardns
1002 1671 1071 1751 per
1091 1654 1258 1729 volunta-

231 1758 492 1869 tem-ejusaem
509 1757 715 1837 substitutus
731 1759 824 1861 sum,
848 1780 997 1860 accepto
1009 1764 1149 1844 saniore
1168 1767 1257 1844 con·
1301 1842 1305 1850 ,

233 1877 341 1973 lilio,
372 1876 459 1953 Zelo
481 1872 577 1951 bono
603 1870 801 1975 inspirante
810 1927 829 1972 ,-
855 1893 893 1956 et
916 1877 1112 1958 auxiliante
1133 1876 1261 1958 divina

234 1994 387 2102 gratia,
411 1989 571 2069 induxi
559 2014 598 2067 ιιι
619 1990 816 2095 prefatum
817 1975 1025 2075 cenobium
1045 1997 1166 2076 servos
1184 1997 1260 2075 Dei

232 2108 436 2191 nsonachos
466 2104 510 2180 de
531 2102 659 2181 ordine
680 2096 893 2187 cisterciensi
883 2135 916 2206 ι,
956 2125 992 2188 et
1007 2112 1094 2189 dum
1113 2101 1263 2219 tempus

236 2224 327 2309 Deo
331 2218 520 2352 placitum
547 2216 728 2317 succeli'tt,
760 2220 870 2301 fatris
891 2223 1105 2305 habitaculis
1130 2250 1260 2333 eorum

234 2337 413 2440 religioni
426 2333 535 2434 aptis,
560 2348 735 2413 exorante
750 2334 911 2433 Drogone
931 2340 1061 2419 abbate
1084 2365 1167 2420 cum
1184 2341 1257 2422 suis

235 2452 427 2563 personis,
459 2472 554 2527 anno
574 2448 834 2529 incarnationis
855 2452 1051 2533 Dominlce
1073 2456 1250 2536 MCLIII.
1274 2476 1279 2491 ·

239 2579 487 2651 concurrente
501 2564 564 2639 ΙΙΙ.
584 2558 712 2661 epatta
727 2562 870 2659 xxm,
896 2565 1096 2646 mdsdlsone
1105 2570 1135 2645 1.
1149 2569 1260 2671 septi·

205 2746 210 2766 ‚
235 2710 302 2768 mo
321 2680 497 2761 Kalendas
514 2678 619 2780 May5
645 2675 874 2758 dedicatione
885 2679 1061 2782 solempm
1075 2685 1264 2762 consecra-

237 2826 280 2879 ιι
267 2798 435 2893 ibidem
444 2816 512 2897 per
521 2792 620 2892 septa
635 2805 673 2867 et
687 2791 867 2871 ambitum
882 2797 988 2890 atria,
1001 2810 1037 2873 et
1051 2796 1259 2900 claustrum,
1286 2831 1307 2873 ς

242 2932 281 2995 et
296 2910 483 2993 ecclesiam
505 2908 545 2987 in
564 2907 745 2984 bonorem
759 2902 882 2983 saone
914 2922 951 2984 et
975 2904 1262 2988 vidioriofillim'e

245 3031 385 3127 cmds,
412 3044 449 3105 et
463 3022 641 3127 precipue
659 3022 699 3103 in
720 3022 899 3101 honorem
921 3022 1043 3103 sande
1057 3025 1131 3103 Dei
1146 3029 1260 3133 geni-

240 3149 346 3231 tricis
368 3146 483 3222 Μανία
509 3156 546 3219 et
574 3136 729 3217 aliorum
758 3137 1003 3241 plurimorum
1029 3119 1262 3242 Sardorum,
1395 3221 1398 3224 ,

242 3262 461 3343 confirmans
486 3257 602 3333 eidem
622 3255 704 3333 loco
720 3250 863 3355 suisque
885 3251 1139 3334 succellosibus
1155 3280 1264 3335 eano-
1297 3263 1299 3270 '
1370 3257 1372 3261 ’

238 3380 324 3461 nica
349 3390 387 3451 et
412 3372 532 3469 nostra
564 3358 783 3446 auctoritate
818 3368 939 3445 munla
969 3364 1142 3472 prediiia
1172 3366 1260 3480 jessa

241 3522 264 3577 a
280 3487 591 3599 predecellbribus
618 3484 709 3565 meis
736 3485 813 3587 ita,
848 3504 892 3565 ut
919 3485 1162 3587 prescriptum
1193 3488 1259 3584 ell,
1335 3543 1336 3550 a
1388 3471 1391 3480 ’

241 3606 509 3705 rationabiliter
535 3599 710 3697 delinita,
741 3616 778 3679 et
793 3601 875 3678 Deo
903 3602 1060 3679 donante
1081 3615 1118 3679 et
1146 3624 1262 3701 opera
1318 3674 1323 3683 .

241 3722 364 3803 nostra
381 3697 593 3797 exhortante
612 3713 851 3813 locupletatus
868 3709 918 3789 est
945 3710 1061 3789 isdem
1074 3713 1175 3791 locus
1190 3722 1277 3813 per'

244 3834 531 3919 munificentiam
549 3827 853 3909 convicaneorum
862 3842 936 3903 tam
950 3825 989 3903 in
1002 3810 1261 3926 publicalibus,

229 3968 356 4051 ouant
371 3944 408 4023 in
426 3942 587 4046 prediis,
617 3934 687 4018 huc
707 3939 842 4017 modo:
878 3935 1019 4016 Antaeis
1037 3935 1083 4015 tle
1114 3932 1258 4013 Tamba-
1317 3953 1321 3957 ’

246 4084 302 4160 clo
316 4079 361 4176 b)
381 4074 481 4157 dedit
504 4065 600 4155 duo
584 4087 717 4176 jugera
737 4064 856 4289 Vpree
878 4064 988 4169 super
1009 4061 1257 4272 dtnepaeate
1310 4141 1312 4144 ,

666 4284 668 4291 ,
830 4214 848 4292 ς
1127 4286 1130 4292 ,
1187 4212 1264 4270 am
