3209 4992
574 406 1204 607 *Mulae

230 640 372 742 litteris
406 661 491 774 tuis
519 662 751 768 patentibus
775 661 844 745 vei
869 659 960 746 aiias
982 659 1249 770 personaliter.

228 809 352 894 prout
365 793 595 899 requiritur,
623 788 824 890 investire,
851 783 1032 876 necnon
1051 794 1252 900 eisprout
1366 825 1369 840 ·

228 916 428 1028 congruit,
453 921 685 1028 providere,
715 943 853 1026 ymmo
873 921 999 1006 eciam
1018 923 1060 1007 in
1084 941 1250 1029 permu-

227 1052 456 1134 tacionibus
481 1051 769 1152 commiffiones
795 1049 1010 1136 consensus
1027 1054 1180 1162 pariter
1205 1065 1253 1134 et
1325 1039 1344 1179 Ἰ

227 1175 397 1262 assensus
413 1179 509 1264 dare
528 1181 758 1277 concedere
781 1197 823 1264 et
837 1177 1011 1284 prestare
1029 1182 1180 1266 debeas
1205 1197 1252 1264 et

224 1308 373 1404 valeas,
403 1305 759 1413 driigentertamcn
774 1305 1032 1390 consideratis
1049 1307 1246 1420 etinspe·

226 1423 297 1509 iiis
329 1432 599 1514 habilitatibus
622 1432 881 1536 personarum
903 1451 946 1550 et
968 1431 1081 1541 quod
1107 1431 1250 1540 hujus»

215 1557 337 1664 modi
357 1562 682 1666 permutaciones
698 1584 750 1682 ear
767 1559 892 1644 crusrs
906 1559 1004 1644 fiant
1025 1562 1250 1646 racionabi·
1375 1619 1388 1640 r

223 1679 328 1764 libus
342 1702 468 1791 prout
480 1683 633 1793 ‘justum
647 1686 771 1773 suerit
785 1705 827 1770 et
844 1685 947 1769 ordo
962 1681 1170 1772 distaverit
1178 1707 1248 1795 ra·
1362 1753 1367 1770 ,

224 1816 363 1900 cionis.
392 1817 522 1923 Super
536 1820 682 1924 qurbus
692 1820 821 1904 eciam
835 1814 1124 1918 conscienciam
1135 1837 1249 1900 tuam

222 1967 437 2029 oneramus
450 1945 601 2030 faciens
616 1947 773 2055 insuper
791 1944 904 2053 quod
919 1947 960 2027 in
974 1943 1159 2051 premissis
1181 1928 1262 2028 se*

165 2148 166 2177 ᾗ
221 2077 321 2158 ceris
331 2099 380 2158 ac
395 2074 622 2178 decreveris
635 2102 708 2186 per
724 2077 928 2168 censuram
943 2073 1251 2162 ecclesiasticam

164 2218 165 2293 g
221 2199 388 2284 firmiter
413 2200 634 2303 observari,
679 2206 864 2290 adhibitis
892 2206 998 2285 circa
1026 2203 1159 2286 omnia
1179 2198 1244 2282 so·

219 2327 516 2440 iempnitatibus
531 2332 676 2418 debitis
697 2355 741 2419 et
755 2332 972 2429 consuetis,
1001 2327 1247 2438 ratificantes

220 2463 501 2546 nichilominus
529 2471 571 2544 et
592 2487 669 2570 pro
700 2481 788 2546 rato
812 2479 933 2568 atque
957 2475 1071 2568 grato
1091 2457 1248 2556 habere

218 2586 409 2695 uolentes
435 2597 708 2698 omnia-atque
730 2589 882 2699 srugula
895 2615 969 2698 per
985 2609 1050 2688 te,
1087 2609 1134 2672 ut
1149 2615 1246 2698 pre·

222 2719 429 2824 scribitur,
461 2721 709 2806 conserenda
734 2737 777 2806 et
799 2721 946 2804 collata
963 2716 1097 2803 fienda
1120 2737 1248 2826 atque

222 3505 453 3616 appensum.
517 3502 674 3594 Datum
692 3488 1016 3647 Asabaffenburg·
1023 3490 1149 3606 prima
1175 3497 1243 3591 die

218 3637 468 3723 Novembris
486 3659 566 3742 que
575 3633 651 3718 furt
666 3631 749 3718 dies
764 3628 904 3713 fernva
912 3653 1079 3717 omnium
1089 3621 1243 3753 sensiu-

220 3790 304 3886 rum
321 3770 444 3852 Anno
467 3763 635 3859 Domini
656 3759 878 3856 Millesrmo
904 3745 1252 3878 quadringentesi-v

219 3923 287 3991 mo
315 3888 507 4001 vicesrnro
536 3917 672 4038 nono.

1442 2389 1444 2471 i

1435 2875 1442 2988 r

220 2849 326 2955 sassa
344 2855 455 2937 omni
474 2847 606 2936 nostra
620 2845 948 2930 contradiccione
963 2839 1112 2928 seclusa
1128 2847 1247 2950 peni·
1307 2947 1309 2954 Α
1441 2839 1442 2872 ³

222 2995 285 3063 tus
303 3003 348 3066 et
364 3001 519 3084 amota,
559 2977 809 3087 presentibus
834 2991 968 3056 tamen
997 2973 1038 3055 in
1058 2973 1248 3076 premissis
1297 3017 1302 3026 ·

220 3111 342 3199 nostri
360 3111 458 3222 post
484 3111 802 3219 adprovinciam
831 3101 1003 3192 nostram
1027 3104 1247 3202 adventum

221 3248 383 3334 minime
394 3245 570 3327 valituris
580 3261 708 3349 atque
724 3239 934 3323 duraturis.
990 3235 1036 3322 In
1053 3235 1168 3344 cujus
1185 3235 1246 3322 rei

222 3375 490 3461 testimonium
511 3374 678 3482 srgillum
702 3365 880 3453 nostrum
905 3366 1156 3496 presentibus
1186 3359 1245 3450 esi
1315 3403 1323 3418 s
