3209 4992
235 455 239 468 ’
332 478 383 564 rr
730 453 943 559 *w
1007 547 1010 554 .

331 666 437 743 rent,
459 643 679 748 indiximus,
711 648 917 730 esfirnrites
934 625 1242 730 confirmavinus.
1275 635 1369 726 siin

331 765 500 874 predisio
518 781 685 865 tempore
699 764 909 865 predidiuns
925 761 1070 842 censum
1085 785 1158 842 non
1182 761 1367 859 reddant,
1442 786 1443 863 3

333 885 375 964 in
408 880 573 972 crastino¹
600 884 756 960 eundern
798 878 944 956 censum
978 897 1063 956 cunr
1092 874 1370 978 compassione

240 1065 242 1070 .
331 997 482 1082 suivant
497 1012 535 1072 et
555 993 623 1072 hec
651 995 693 1072 snt
718 995 956 1094 vcorripuistio,
988 995 1059 1070 duo
1078 991 1213 1070 scilicet
1235 988 1369 1088 solidi,

334 1111 432 1209 quod
445 1107 472 1185 si
485 1124 522 1184 et
539 1109 609 1184 hoc
624 1106 870 1209 neglexerint,
899 1101 1065 1181 dominus
1079 1102 1291 1181 hereditatis
1305 1107 1367 1180 le·

362 1227 480 1304 irimas
506 1223 669 1300 inducias
691 1221 861 1300 uidelicet
887 1236 960 1299 tres
978 1216 1257 1319 quatuordecim
1278 1216 1365 1294 dies

250 1433 251 1441 Ν
335 1365 405 1451 pro
422 1343 590 1422 soluendo
607 1343 714 1422 censu
738 1357 774 1420 et
797 1337 1117 1440 conpofitionibus
1144 1336 1194 1415 eis
1228 1335 1367 1417 consii-

335 1475 434 1537 tuat,
455 1455 492 1533 Si
509 1454 597 1564 silero
614 1475 739 1534 ornnes
755 1457 819 1534 bas
831 1451 993 1534 inducias
1011 1448 1251 1552 subsederint,
1269 1475 1367 1554 pre·
1442 1454 1443 1461 ‘

303 1662 306 1681 γ
337 1571 427 1652 disii
449 1568 601 1648 heredes
624 1568 698 1648 srne
715 1568 815 1648 omni
836 1559 898 1670 spe
919 1566 1206 1668 recuperationis
1218 1567 1277 1670 jus
1295 1571 1368 1649 he-

336 1685 501 1770 reditatis
517 1686 697 1764 amittant.
749 1681 788 1764 Si
805 1703 928 1765 autem
957 1683 1164 1782 canonicus,
1187 1675 1255 1786 ¹qui
1272 1709 1366 1791 ean.

336 1803 421 1881 dem
437 1791 570 1880 curtir'n
588 1815 703 1898 tenet,
729 1800 878 1897 obierit,
904 1798 980 1900 ipse
994 1798 1116 1898 heres,
1139 1801 1363 1883 succedente

333 1918 513 2012 Domino,
542 1918 831 1998 Carradanrvini
845 1919 1039 2018 persulcat,
1056 1933 1093 1994 et
1111 1921 1366 2005 eundcmDo·
1442 1942 1443 1945 ‘

336 2031 480 2116 minum
494 2031 540 2110 ad
557 2032 676 2111 mluus
694 2053 777 2110 cum
788 2033 851 2110 seu
868 2029 967 2132 equis
986 2034 1030 2109 ad
1048 2033 1212 2111 eandem·
1225 2037 1366 2116 curtim

314 2161 316 2168 ’
340 2149 470 2243 ducat,
494 2144 621 2244 ibique
642 2144 788 2224 servitio
812 2144 851 2223 in
867 2143 976 2224 nodie
1003 2139 1083 2223 datu
1102 2159 1138 2223 et
1154 2150 1309 2246 prandio
1324 2151 1367 2231 iu

339 2261 495 2341 crastino
517 2260 729 2336 fidelitatem
761 2280 845 2339 ctum
861 2256 1068 2359 juramento
1090 2260 1124 2336 ei
1149 2261 1361 2360 promittat.

301 2378 470 2478 ''fiuero
492 2376 596 2454 heres
623 2375 786 2476 obierit,
813 2374 896 2473 iile,
921 2377 984 2478 qui
999 2375 1192 2456 hereditati
1212 2379 1256 2453 de
1276 2393 1369 2474 pre·

341 2490 448 2571 disiis
473 2488 668 2571 heredibus
695 2483 918 2584 successerit,
952 2490 1049 2568 idem
1076 2489 1198 2568 faciat.
1260 2485 1368 2568 Asia

316 2604 424 2686 sunt
444 2607 513 2684 hec
546 2627 638 2682 anno
662 2590 985 2690 abIncarnatiou'e
1010 2603 1165 2688 Domini
1185 2603 1368 2683 MGXX·
1442 2642 1443 2647 Ν

340 2725 404 2808 lu.
423 2726 486 2804 sub
504 2743 615 2802 manu
636 2722 797 2816 Adelguti
825 2719 1021 2824 preposui,
1058 2722 1367 2803 cumtestinronio

230 2887 233 2893 ·
342 2829 554 2917 Diezmauui
581 2835 746 2933 Decani,
788 2836 943 2916 Berroidi
977 2835 1170 2932 cantoris,
1214 2833 1369 2914 conradi

348 2947 566 3044 Camerarii,
592 2949 789 3030 Eberbnrdi
798 2949 1004 3051 cellerarii,
1028 2950 1183 3030 Bertoldi
1193 2950 1370 3053 portarii,

234 3163 236 3174 ,
340 3069 467 3151 Karou·
496 3084 533 3145 et
548 3066 702 3144 aliorunr
723 3066 1013 3161 canonicorum,
1039 3069 1101 3168 qui
1118 3085 1209 3146 tunc
1222 3066 1261 3146 in
1276 3065 1370 3145 civi·

219 3269 223 3290 ,
324 3199 417 3263 tate
440 3175 555 3260 elant.
580 3180 776 3286 Laicorunn
800 3197 837 3260 et
856 3182 1102 3262 testimonium
1116 3186 1242 3262 aderat
1256 3184 1371 3265 Heius.

279 3315 287 3332 ‘
314 3317 317 3323 ‘
341 3302 407 3390 'rici
420 3293 598 3384 advocati,
627 3293 799 3396 Sigefridi
813 3287 915 3375 urbis
931 3299 1107 3399 presciii,
1134 3299 1267 3398 Radolfi
1279 3324 1367 3386 cau·

340 3418 463 3514 fidici,
489 3410 677 3524 friderici,
716 3412 873 3488 udalrici
885 3465 898 3512 ,
939 3415 1133 3515 Woffrmui,
1167 3417 1369 3516 Adaiberti,

307 3633 311 3644 ,
343 3535 571 3629 ‘aliorumque
589 3549 695 3628 quarn
713 3527 897 3630 plurium,
934 3551 1024 3629 quos
1046 3554 1263 3614 enumerare
1283 3532 1369 3616 iuu-

264 3691 267 3706 ‹
343 3641 517 3752 gumesse
534 3639 714 3720 duximus.
742 3643 785 3734 b)
868 3720 872 3732 ,
1250 3670 1252 3676 ·

227 3876 246 3938 ‚¹
308 3891 310 3896 .
389 3838 424 3938 a)
448 3836 655 3935 Brociingen
678 3839 770 3911 vicus
783 3835 877 3928 'ultra
892 3826 1044 3915 Rhenum
1058 3840 1136 3916 sutus
1147 3844 1183 3917 in
1197 3840 1369 3922 Murchio·

437 3953 525 4108 imi
535 3933 778 4033 Hrchbergenfi
791 3940 961 4038 pertinens
975 4049 977 4054 ,
992 3943 1034 4030 ud
1051 3943 1285 4022 Mucbionem
1306 3948 1369 4020 Be·

461 4057 502 4105 eu
519 4056 585 4116 em.

1319 4269 1444 4390 Β)ι
