3209 4992
334 639 511 745 *Boemie
533 672 571 739 et
592 616 701 761 ipsius
725 637 834 763 'regni
857 634 963 739 felici
980 680 1115 741 corone
1139 656 1212 739 fibi
1230 638 1390 759 lu‘erediss

354 777 424 856 bus
454 796 491 855 et
516 770 773 858 succeffisribus
815 776 885 855 suis
920 776 1117 857 illustribus
1152 775 1389 909 principibus

319 903 323 916 “
355 890 505 973 Boemie
514 880 687 993 Regibus
708 888 926 971 audldritate
946 892 1141 971 Cesarea
1129 886 1390 999 ‘incorporavit

354 994 521 1117 adjunxit
543 996 713 1081 attribuit
730 1002 949 1081 ministravit
973 1020 1010 1081 et
1031 1004 1077 1082 de
1094 1000 1299 1107 Imperiolis
1324 1002 1389 1081 lire

275 1163 280 1171 ·
354 1107 583 1249 plenitudine
610 1119 795 1219 potestatis
819 1135 998 1238 perpetuo
1021 1134 1059 1198 et
1088 1116 1389 1211 irrevocabiliter

355 1229 534 1340 counivit,
561 1240 725 1319 decrevit
742 1259 777 1320 et
792 1243 855 1322 suo
871 1230 1067 1345 Imperiali
1071 1231 1251 1343 perpetuo
1266 1238 1387 1318 sonci·

353 1363 410 1442 vit
438 1358 583 1458 editio,
610 1364 707 1461 quod
729 1386 802 1441 non
817 1363 925 1441 liceat
942 1362 1049 1441 elicui
1063 1354 1269 1441 'illustrium
1274 1358 1385 1439 Prin·

243 1557 247 1566 ,
354 1481 480 1581 cipum
505 1478 748 1558 Dominorum
775 1481 923 1581 Regum
952 1478 1114 1589 Boemie
1141 1471 1386 1579 succefforum

345 1593 501 1678 suorum
525 1588 630 1675 didio
661 1591 776 1671 castra
814 1591 975 1689 civitates
1008 1590 1226 1694 munitiones
1261 1605 1383 1667 terras

353 1705 491 1810 opida
486 1704 588 1786 villas
610 1703 802 1805 vasallagio
822 1672 981 1784 dominia
1006 1720 1069 1783 ιιιι
1089 1700 1314 1805 pertinentia
1339 1718 1382 1783 ut

351 1818 607 1957 premittitur
602 1820 640 1896 in
669 1834 746 1899 toto
776 1818 874 1897 vel
862 1844 899 1905 ru
920 1834 1023 1917 parte
1051 1815 1235 1919 quibusvis
1260 1816 1379 1897 etiam

351 1932 499 2037 ingenio
528 1922 756 2013 excusatione
782 1950 956 2031 pretextu
987 1936 1046 2015 seu
1071 1935 1200 2012 colore
1230 1928 1379 2032 quesitis

211 2097 215 2108 ‚
351 2052 511 2131 vendere
532 2049 695 2151 scindere
717 2050 880 2153 obligare
895 2068 1106 2155 permutare
1131 2049 1298 2127 dividere
1313 2062 1380 2127 aut

348 2156 473 2269 oliqoo
496 2151 643 2245 modoa
654 2169 835 2268 potestate
861 2172 1008 2307 Regum
1023 2169 1149 2273 Regni
1174 2183 1209 2247 et
1239 2188 1381 2247 corone

350 2282 502 2387 Boemie
521 2304 721 2362 removere
750 2308 879 2385 ymmo
910 2288 1032 2371 verius
1056 2284 1219 2375 decrevit
1242 2300 1279 2362 et
1304 2281 1381 2360 huc

348 2380 532 2498 imperiali
549 2392 671 2475 edicto
691 2397 854 2494 expresse
875 2400 990 2481 voluit
1011 2399 1133 2483 omnia
1149 2397 1319 2499 predicto
1338 2412 1379 2475 et

350 2535 479 2603 eorum
500 2511 688 2609 quodlibet
706 2510 769 2592 sub
788 2514 956 2595 omnibus
979 2516 1096 2595 modis
1112 2533 1148 2593 et
1172 2510 1377 2592 distindlio·

261 2721 263 2730 χ
347 2621 560 2707 ιιιιιιιιιιιιι
579 2620 1080 2726 expressimtursuperiusper
1099 2626 1255 2705 Illustres
1267 2625 1377 2733 prin.

230 2744 233 2755 ’
348 2739 448 2839 cipes
464 2733 640 2814 Dominus
656 2735 948 2841 Bo‘e'mieReges
974 2742 1110 2841 ubsque
1133 2739 1377 2820 diminutione

348 2856 511 2957 qualibet
532 2854 579 2929 ad
599 2850 879 2955 regnigprediui
896 2857 1048 2936 Boemie
1071 2872 1107 2936 et
1120 2854 1238 2941 felicis
1260 2858 1375 2963 iplius

237 2991 245 3016 ⁶
347 3001 485 3064 corone
501 2977 656 3077 gloriam
672 2980 840 3056 ammodo
857 2978 1051 3057 necellbrie
1065 2998 1101 3060 et
1119 3006 1201 3062 cum
1217 2981 1376 3087 integri-

189 3181 195 3191 *
344 3113 421 3177 tate
436 3090 612 3193 perfetta
637 3115 710 3170 non
740 3092 855 3173 solum
893 3096 1063 3175 custodiri
1094 3122 1223 3179 verum
1259 3101 1375 3183 etiam

247 3250 259 3285 -.
343 3204 556 3315 propenfius
577 3204 742 3283 retineri.
794 3208 843 3283 Et
866 3208 952 3287 licet
975 3212 1145 3311 depenis
1171 3214 1374 3303 Illustrium

343 3322 555 3420 Principum
570 3321 719 3421 Regum
737 3320 887 3399 Boemie
916 3347 1002 3425 quas
1026 3329 1092 3429 ipsu
1109 3331 1229 3431 Reges
1249 3347 1286 3409 et
1309 3318 1372 3433 ιιι]

253 3516 256 3532 ,
343 3440 553 3539 quicunque
571 3434 795 3533 contrarium
819 3435 995 3519 facientes
1009 3443 1184 3539 deberent
1201 3443 1371 3533 in'cmr'e·

341 3586 386 3643 re
405 3565 444 3641 in
459 3559 660 3663 privilegiis
675 3560 798 3663 Regni
828 3560 881 3642 sui
903 3562 1053 3647 Boemie
1072 3570 1246 3671 sepedicti
1271 3574 1368 3659 suffi-

342 3680 481 3758 oienter
502 3702 545 3755 ac
560 3680 605 3755 de
623 3679 810 3756 Beronum
827 3696 863 3759 et
877 3702 1071 3781 procerum
1092 3690 1237 3770 suorum
1251 3693 1367 3775 ossen.-

340 3794 381 3875 ιιι
399 3793 580 3895 legitimb
586 3793 741 3895 provide
765 3787 912 3875 cnutum
941 3802 1126 3905 extiterit,
1169 3824 1294 3888 tamen
1315 3816 1364 3892 ad

340 3912 669 3991 habundantiorem
683 3913 926 4019 gratitudinis
931 3925 1210 4023 gratap1es1d1a
1224 3950 1271 4015 ne
1283 3932 1365 4029 quir

278 4050 462 4129 ,per
424 4026 669 4104 roborantium
696 4029 741 4103 de
760 4029 900 4117 talibus
918 4038 1035 4114 voleat
1061 4044 1225 4122 excusari
1249 4050 1363 4149 penm

249 4186 256 4221 l
340 4142 541 4307 cardetum
554 4140 743 4241 aliquasui
755 4160 861 4246 purte
883 4147 923 4231 in
944 4148 1013 4241 suis
1030 4152 1286 4261 imperialibus
1301 4162 1361 4246 lit·

260 4301 263 4308 ,
1231 4277 1364 4361 tetis

361 487 434 567 ιιι
698 462 979 568 *W
