3209 4992
488 390 492 397 .
625 428 881 584 *W*
1181 427 1249 575 m
1327 597 1341 611 „

633 619 851 805 xuvn.
1134 673 1136 680 '

214 887 593 969 ZEISTHOLFUS
628 892 821 973 CUSTOS
847 891 882 973 S.
899 892 1064 998 rum
1085 893 1252 989 JUNIO·
1373 918 1377 937 ¹

208 1010 288 1079 RIS
328 1002 718 1086 ARGENTINENSIS
760 1016 984 1087 ORDINAT
1024 1018 1251 1089 OBLATIO·
1303 1019 1307 1031 “

210 1127 335 1198 NEM
359 1128 448 1199 PRO
464 1130 656 1200 FUNERE
681 1131 973 1203 CLAUSTRALI
995 1133 1150 1202 INTER
1170 1132 1252 1203 CA·

289 1247 511 1325 Notulcoa
544 1252 755 1345 EJUSDEM
786 1248 1034 1324 ECCLESIAE
1058 1249 1177 1321 mvl·

466 1362 721 1435 ·DENDAM.
771 1360 984 1439 MCXLIII.

310 1486 376 1591 ‘Ex
395 1514 484 1594 libro
500 1496 708 1597 S'totutomm
727 1522 929 1619 collegiatae
944 1524 984 1601 S.
995 1486 1093 1597 Perat
1106 1484 1251 1622 junioris

213 1612 250 1683 in
269 1617 401 1714 palatio
419 1618 608 1719 Episcopali
623 1620 866 1717 Argentioenfi.

872 1740 876 1745 ‚
1282 1729 1289 1760 t

255 1806 284 1860 n
301 1780 466 1864 Nomine
481 1781 612 1861 sancte
631 1796 668 1859 et
680 1779 869 1864 individue
883 1778 1099 1875 Trinitatis,
1122 1788 1264 1859 amem

285 1898 432 1975 Notum
466 1892 510 1971 fit
532 1891 701 1972 omnibus
735 1894 776 1975 ln
799 1897 942 1975 Christo
977 1896 1143 1973 fidelibus
1172 1914 1276 1995 tam

217 2008 385 2104 suturis,
400 2080 403 2087 ,
418 2027 528 2104 quam
544 2005 794 2107 presentibus,
825 2010 926 2108 quod·
943 2029 1014 2109 ego
1038 2007 1250 2111 Zeitsbolfiu

221 2128 345 2207 custos
375 2124 523 2202 ecolefie
539 2122 662 2201 Sancti
679 2124 808 2223 Porri,
846 2148 917 2225 que
942 2123 993 2201 est
1016 2125 1054 2203 in
1077 2125 1251 2214 suburbio

221 2235 384 2315 civitatis
400 2230 678 2339 argentinensts,
702 2231 879 2317 fratribus
896 2237 986 2314 meis
997 2234 1189 2315 Canonchs
1207 2237 1257 2336 inx

222 2345 361 2429 eadem·
378 2350 615 2429 ecclesraDeo
630 2348 870 2456 servientibus
887 2366 925 2429 et
945 2350 1146 2451 secutoris,
1165 2375 1252 2433 cum

223 2464 564 2545 consensuDomini
584 2460 699 2543 nostri
712 2464 898 2566 Episcopi,
923 2468 986 2565 qui
1003 2482 1092 2545 tunc
1105 2484 1250 2566 tempo·

221 2585 275 2662 ris
300 2581 414 2679 etium
435 2581 556 2659 noster
575 2579 648 2658 suit
668 2578 899 2681 preposstus,
933 2583 1031 2661 hane
1049 2582 1251 2660 caritatem

222 2692 422 2797 impendi,
462 2707 503 2769 ut
523 2690 837 2791 quotienscunque
863 2690 941 2793 ipsa
968 2693 1116 2792 aliquod
1138 2692 1250 2770 sunus

223 2811 273 2887 ad
289 2804 551 2885 monasterium·
558 2802 682 2883 Sancti
692 2806 808 2902 Petri,
833 2809 872 2887 in
890 2832 962 2907 quo
975 2811 1058 2888 Deo
1073 2807 1249 2903 serviunt,

224 2946 310 3001 cum
326 2914 548 3021 proceliione
568 2920 838 3019 produxerint,
851 2920 1023 3018 missaque
1038 2942 1109 3021 pro
1124 2944 1170 2999 eo
1189 2944 1250 2999 ce·
1383 2990 1389 3024 ,

224 3038 370 3134 lebrata
395 3035 506 3134 osqqe
537 3038 584 3111 ad
609 3034 829 3135 sepulturam
854 3035 1067 3139 prosequuti
1094 3034 1249 3137 suerint,

224 3170 375 3240 omnem
402 3149 653 3245 oblationem,
684 3174 754 3254 que
774 3151 820 3225 ad
836 3135 987 3229 manum
1004 3149 1197 3229 sacerdotIs
1210 3152 1250 3232 in

226 3272 358 3349 eodem
385 3266 516 3347 funere
554 3265 693 3345 missam
726 3267 941 3346 celebrantis
968 3268 1090 3346 oblata
1119 3267 1249 3369 suerit,

227 3387 343 3465 'custos
368 3400 476 3484 porte
498 3378 657 3481 ejusdem
689 3380 854 3475 claustri,
893 3384 954 3461 vel
978 3383 1134 3482 quilibet
1158 3385 1249 3465 alios

227 3500 496 3581 Canonicorum
525 3498 571 3573 ad
597 3496 836 3576 ministerium
860 3501 912 3573 ad
940 3496 1135 3575 arbitrium
1172 3500 1251 3583 fra.

226 3637 332 3700 trum
343 3616 491 3720 suorum
521 3610 655 3694 elesius
678 3614 851 3717 colligat,
886 3629 922 3690 et
941 3634 1021 3691 eam
1048 3611 1146 3695 inter
1170 3617 1249 3695 fm-

228 3757 303 3819 tres
319 3732 397 3811 suos
422 3730 779 3833 equalitcr'dividat,
804 3728 1009 3827 sequence
1024 3731 1138 3807 custos
1153 3733 1249 3813 illius

228 3850 377 3937 ecclesie
404 3851 596 3949 plusquam
618 3848 770 3948 quilibet
797 3844 885 3924 alius
916 3844 1076 3924 fratrom
1102 3848 1250 3934 snorum

228 3962 314 4044 inde
341 3965 506 4070 accipiat.
555 3965 661 4045 Hanc
684 3982 805 4043 autem
842 3964 1027 4041 charitatis
1057 3963 1249 4049 institutio·

229 4100 312 4157 nem
328 4104 375 4159 ne
394 4082 473 4181 quis
490 4078 658 4179 deinceps
668 4078 949 4179 Episcoporum,
975 4080 1245 4178 velprepostto.
1404 4086 1407 4102 ¹

230 4214 336 4295 rum,
367 4198 429 4273 u'el
448 4196 635 4277 custodum
653 4193 830 4297 predictis
848 4193 1026 4275 frutribus
1045 4194 1247 4296 impensam

1132 4315 1247 4395 dimi.

1414 4519 1418 4614 l
