3209 4992
212 578 320 683 poris
345 596 445 682 pene
459 576 689 683 confirmpta,
723 580 865 680 situque
886 589 1069 658 annorum
1089 577 1245 657 demoli-

212 717 261 779 ta.
290 699 354 775 cui
385 696 483 776 lideli
507 696 621 775 insuto
650 696 719 773 hac
745 718 820 776 non
859 694 1064 776 sufficerent
1094 685 1242 791 expeti·

211 811 373 896 menta?
421 810 508 909 quid
529 810 626 891 enim
647 810 802 910 amplius
828 804 1129 909 expectandum?
1162 801 1242 883 Nos

211 924 333 1027 igitur
357 931 443 1006 laeti
466 948 535 1027 pro
562 944 647 1006 voto
673 927 904 1024 festinantes,
941 946 1033 1025 prae
1048 927 1183 1027 gaudio
1200 924 1246 1005 in

212 1042 406 1144 Hymnus,
435 1060 470 1120 et
486 1044 608 1119 laudes
624 1042 880 1142 preruuimus,
905 1040 1062 1145 gloriam
1074 1040 1157 1117 Deo
1177 1042 1243 1116 de·-

215 1161 355 1257 dimus,
381 1159 499 1237 sonitu
515 1181 775 1257 campanarum
795 1155 1057 1261 concrepante,
1083 1160 1242 1260 populo·

215 1301 285 1376 que
311 1276 547 1353 concurrenti
569 1276 778 1354 thesaurum
800 1278 991 1355 inventum
1006 1275 1244 1373 ostendimus,

215 1388 349 1469 offibus
364 1407 486 1467 tamen
503 1387 721 1485 intredlatis,
746 1406 825 1469 tum
837 1408 991 1492 propter
1006 1390 1168 1489 ipsorum
1181 1411 1242 1474 ra-

215 1504 444 1602 verentiam'‚
489 1522 567 1583 tum
594 1522 749 1604 propter
779 1490 938 1585 nostram
967 1505 1241 1607 indignitatem.

214 1624 267 1702 his
285 1626 411 1723 itaque
427 1621 618 1713 tranem,
645 1618 815 1717 reliquias
833 1619 1005 1718 repositas
1018 1618 1135 1721 figillo
1156 1640 1243 1697 meo

216 1736 430 1841 obsignavi,
467 1740 513 1816 ob
541 1729 715 1830 majorem
740 1739 946 1835 cautelam,
984 1735 1087 1811 etad
1108 1756 1242 1812 caven-

217 1850 302 1927 dum
327 1850 629 1931 calumniatorum
657 1846 866 1929 versutiam.
931 1839 1118 1948 ‚Sequenti
1149 1868 1242 1927 vero
1344 1905 1347 1909 ι

216 1968 273 2041 die
295 1966 380 2044 Vll.
393 1967 568 2045 Kalendas
586 1964 808 2045 Novembris
838 1987 922 2044 cum
946 1985 1083 2067 magna
1107 1958 1239 2061 populi

217 2081 410 2176 concione,
434 2081 568 2159 iterum
588 2086 635 2159 ad
652 2084 766 2161 altare
785 2080 983 2180 accedens,
1007 2077 1244 2181 fradofigil·

216 2194 271 2293 lo,
295 2194 464 2272 involuta
480 2197 635 2311 revolvi,
662 2210 700 2273 et
713 2192 897 2294 revelavi,
922 2192 1111 2294 praesente
1126 2190 1240 2268 abbe·

216 2325 251 2387 te
264 2310 663 2390 llllaurimonasteriensa
682 2327 719 2389 et
732 2310 873 2413 priore,
896 2312 1087 2412 praesente
1103 2311 1242 2389 abbate

219 2425 262 2502 de
278 2420 457 2519 Altdwffs
480 2423 649 2523 presente
664 2426 857 2503 Beretholdo
877 2424 1121 2527 argentinensi
1138 2423 1244 2520 The·

217 2524 401 2633 saurario,
428 2554 463 2615 et
478 2540 605 2615 eodem
625 2539 694 2616 loci
711 2538 807 2617 illius
828 2537 1053 2638 praeposito,
1080 2538 1242 2617 circum·

219 2654 391 2733 stantibus
406 2671 446 2731 et
464 2654 544 2731 fene
569 2656 735 2733 omnibus
754 2654 961 2755 canonicis,
986 2654 1137 2754 aliisque
1152 2656 1242 2733 reli·

219 2769 325 2871 giosss
341 2766 544 2865 monachis,
573 2768 729 2867 deficis,
752 2769 894 2866 Laicis,
920 2766 1051 2867 quibus
1071 2767 1262 2862 omnibus

218 2880 254 2959 in
272 2878 557 2959 consideratione
575 2881 823 2961 liminatorum
843 2879 1028 2978 occupatis
1060 2896 1098 2958 et
1116 2879 1240 2959 interr·
1258 2878 1274 2910 '·

220 2996 277 3091 tis,
297 2994 561 3094 eximproviso
580 2994 751 3096 appatuit
770 2996 942 3097 plumbea
957 2996 1105 3094 tabella,
1131 2996 1240 3074 dimi-

220 3107 297 3185 diae
313 3110 471 3207 palmae,
497 3109 638 3186 occulta
652 3107 751 3186 inter
764 3104 836 3185 olla
850 3107 1049 3210 imaginem
1067 3108 1164 3187 beati
1173 3110 1239 3209 flo-

218 3216 334 3311 rentii,
361 3240 445 3293 cum
460 3218 515 3297 llis
526 3218 674 3296 Litteris
690 3219 905 3298 continens:
929 3223 1013 3325 Ego
1031 3213 1241 3299 RacdioDei

219 3332 338 3435 gratia
354 3331 614 3432 argentinenfis
625 3332 824 3433 Episcopus
832 3332 1043 3413 florentium
1060 3333 1240 3438 confesio7

218 3468 296 3524 rem
319 3463 356 3522 et
378 3445 593 3546 Episcopum
610 3448 692 3528 Vll.
707 3446 758 3526 id.
777 3449 1001 3526 Novembris
1035 3447 1074 3525 in
1099 3448 1238 3526 Auellass

202 3577 296 3633 ‘mm
308 3557 484 3655 transtuli,
511 3576 547 3634 et
560 3559 661 3635 hunc
677 3558 774 3637 diem
793 3558 992 3637 solemnem
1009 3558 1129 3646 banuo
1145 3584 1234 3650 con·
1306 3622 1311 3627 .

220 3668 326 3765 stitui,
350 3693 471 3751 amen.
496 3670 729 3771 quibusvisrs
744 3686 782 3749 et
802 3672 1020 3773 indicitis,
1045 3697 1172 3752 munes
1193 3676 1269 3768 in'
1375 3692 1378 3695 ’

221 3776 382 3885 Laudes,
411 3804 451 3867 et
468 3790 603 3894 gratias
622 3788 765 3866 divinae
790 3790 1159 3872 clementiaedeoitas
1173 3818 1238 3873 ve-

221 3918 479 4002 henentiffime
499 3922 650 4005 excitati
669 3924 770 4019 stant,
806 3946 900 4023 quae
912 3949 989 4004 non
1012 3905 1142 4005 destrit
1157 3927 1239 4029 spe-

222 4068 337 4133 rautes
351 4053 461 4159 inse,
484 4078 553 4159 noc
567 4052 705 4161 unovit
721 4052 886 4156 salutem,
902 4070 940 4135 et
951 4052 1239 4147 misericordiam

265 4218 267 4224 2
1213 4214 1240 4271 a
