<?xml version="1.0" encoding="UTF-8"?>
<!DOCTYPE html PUBLIC "-//W3C//DTD XHTML 1.0 Transitional//EN"
    "http://www.w3.org/TR/xhtml1/DTD/xhtml1-transitional.dtd">
<html xmlns="http://www.w3.org/1999/xhtml" xml:lang="en" lang="en">
 <head>
  <title>
</title>
<meta http-equiv="Content-Type" content="text/html;charset=utf-8" />
  <meta name='ocr-system' content='tesseract 3.04.00' />
  <meta name='ocr-capabilities' content='ocr_page ocr_carea ocr_par ocr_line ocrx_word'/>
</head>
<body>
  <div class='ocr_page' id='page_1' title='image "./novasubsidiadip00wrgoog/novasubsidiadip00wrgoog_0056.png"; bbox 0 0 3209 4992; ppageno 0'>
   <div class='ocr_carea' id='block_1_1' title="bbox 245 472 1418 2190">
    <p class='ocr_par' dir='ltr' id='par_1_1' title="bbox 245 472 1418 2190">
     <span class='ocr_line' id='line_1_1' title="bbox 373 472 1100 644; baseline -0.011 -40"><span class='ocrx_word' id='word_1_1' title='bbox 373 495 558 644; x_wconf 56' lang='lat' dir='ltr'><strong>aar</strong></span> <span class='ocrx_word' id='word_1_2' title='bbox 776 472 978 596; x_wconf 67' lang='lat' dir='ltr'><strong>nur</strong></span> <span class='ocrx_word' id='word_1_3' title='bbox 1096 496 1100 502; x_wconf 94' lang='lat'><em>·</em></span> 
     </span>
     <span class='ocr_line' id='line_1_2' title="bbox 383 663 1396 785; baseline 0.017 -37"><span class='ocrx_word' id='word_1_4' title='bbox 383 663 683 774; x_wconf 84' lang='lat' dir='ltr'><strong>quampluribus</strong></span> <span class='ocrx_word' id='word_1_5' title='bbox 698 664 780 754; x_wconf 87' lang='lat' dir='ltr'><strong>fide</strong></span> <span class='ocrx_word' id='word_1_6' title='bbox 795 671 921 785; x_wconf 84' lang='lat' dir='ltr'><strong>dignis</strong></span> <span class='ocrx_word' id='word_1_7' title='bbox 935 671 1179 774; x_wconf 60' lang='lat' dir='ltr'><strong>sufficienter,</strong></span> <span class='ocrx_word' id='word_1_8' title='bbox 1194 674 1396 779; x_wconf 79' lang='lat' dir='ltr'><strong>sumusin·</strong></span> 
     </span>
     <span class='ocr_line' id='line_1_3' title="bbox 318 782 1397 910; baseline 0.022 -43"><span class='ocrx_word' id='word_1_9' title='bbox 318 872 321 878; x_wconf 11' lang='grc' dir='ltr'><strong>Α</strong></span> <span class='ocrx_word' id='word_1_10' title='bbox 377 782 554 890; x_wconf 87' lang='lat' dir='ltr'><strong>formati,</strong></span> <span class='ocrx_word' id='word_1_11' title='bbox 583 791 790 901; x_wconf 76' lang='lat' dir='ltr'>recipiant,</span> <span class='ocrx_word' id='word_1_12' title='bbox 806 799 954 906; x_wconf 85' lang='lat' dir='ltr'><strong>legant,</strong></span> <span class='ocrx_word' id='word_1_13' title='bbox 980 795 1191 908; x_wconf 86' lang='lat' dir='ltr'><strong>publicent</strong></span> <span class='ocrx_word' id='word_1_14' title='bbox 1204 820 1397 910; x_wconf 83' lang='lat' dir='ltr'><strong>atquete·</strong></span> 
     </span>
     <span class='ocr_line' id='line_1_4' title="bbox 257 922 1418 1053; baseline 0.02 -58"><span class='ocrx_word' id='word_1_15' title='bbox 257 939 262 956; x_wconf 65' lang='lat'><strong><em>¹</em></strong></span> <span class='ocrx_word' id='word_1_16' title='bbox 375 936 524 1021; x_wconf 70' lang='lat' dir='ltr'><strong>noant,</strong></span> <span class='ocrx_word' id='word_1_17' title='bbox 558 922 711 1028; x_wconf 82' lang='lat' dir='ltr'><strong>easque.</strong></span> <span class='ocrx_word' id='word_1_18' title='bbox 721 929 973 1042; x_wconf 86' lang='lat' dir='ltr'><strong>executioni,</strong></span> <span class='ocrx_word' id='word_1_19' title='bbox 1003 928 1115 1035; x_wconf 91' lang='lat' dir='ltr'><strong>quod</strong></span> <span class='ocrx_word' id='word_1_20' title='bbox 1130 931 1305 1014; x_wconf 86' lang='lat' dir='ltr'><strong>deterius</strong></span> <span class='ocrx_word' id='word_1_21' title='bbox 1329 931 1418 1053; x_wconf 56' lang='lat' dir='ltr'><strong>est,</strong></span> 
     </span>
     <span class='ocr_line' id='line_1_5' title="bbox 375 1043 1394 1164; baseline 0.014 -38"><span class='ocrx_word' id='word_1_22' title='bbox 375 1043 614 1139; x_wconf 83' lang='lat' dir='ltr'>demandare</span> <span class='ocrx_word' id='word_1_23' title='bbox 632 1068 675 1133; x_wconf 91' lang='lat' dir='ltr'><strong>et</strong></span> <span class='ocrx_word' id='word_1_24' title='bbox 689 1049 823 1156; x_wconf 82' lang='lat' dir='ltr'><strong>januis·</strong></span> <span class='ocrx_word' id='word_1_25' title='bbox 830 1059 994 1162; x_wconf 92' lang='lat' dir='ltr'><strong>publice</strong></span> <span class='ocrx_word' id='word_1_26' title='bbox 1008 1059 1170 1164; x_wconf 88' lang='lat' dir='ltr'><strong>propria</strong></span> <span class='ocrx_word' id='word_1_27' title='bbox 1196 1062 1394 1144; x_wconf 88' lang='lat' dir='ltr'><strong>temerita-</strong></span> 
     </span>
     <span class='ocr_line' id='line_1_6' title="bbox 245 1175 1394 1305; baseline 0.006 -46"><span class='ocrx_word' id='word_1_28' title='bbox 245 1274 247 1283; x_wconf 92' lang='lat'><em>.</em></span> <span class='ocrx_word' id='word_1_29' title='bbox 309 1268 313 1272; x_wconf 51' lang='grc'>,</span> <span class='ocrx_word' id='word_1_30' title='bbox 346 1191 417 1305; x_wconf 17' lang='grc' dir='ltr'><strong>(τε</strong></span> <span class='ocrx_word' id='word_1_31' title='bbox 439 1175 595 1288; x_wconf 83' lang='lat' dir='ltr'><strong>affigere</strong></span> <span class='ocrx_word' id='word_1_32' title='bbox 620 1205 705 1266; x_wconf 91' lang='lat' dir='ltr'><strong>non</strong></span> <span class='ocrx_word' id='word_1_33' title='bbox 726 1181 943 1270; x_wconf 88' lang='lat' dir='ltr'><strong>formidant</strong></span> <span class='ocrx_word' id='word_1_34' title='bbox 969 1189 1110 1268; x_wconf 80' lang='lat' dir='ltr'><strong>contra</strong></span> <span class='ocrx_word' id='word_1_35' title='bbox 1137 1204 1322 1274; x_wconf 91' lang='lat' dir='ltr'><strong>tenorem</strong></span> <span class='ocrx_word' id='word_1_36' title='bbox 1353 1195 1394 1266; x_wconf 88' lang='lat' dir='ltr'><strong>et</strong></span> 
     </span>
     <span class='ocr_line' id='line_1_7' title="bbox 311 1299 1393 1427; baseline 0.008 -34"><span class='ocrx_word' id='word_1_37' title='bbox 311 1299 318 1346; x_wconf 63' lang='lat'><em>¹</em></span> <span class='ocrx_word' id='word_1_38' title='bbox 370 1330 549 1419; x_wconf 82' lang='lat' dir='ltr'><strong>mentem</strong></span> <span class='ocrx_word' id='word_1_39' title='bbox 568 1311 701 1418; x_wconf 82' lang='lat' dir='ltr'><strong>statuti</strong></span> <span class='ocrx_word' id='word_1_40' title='bbox 720 1316 978 1404; x_wconf 83' lang='lat' dir='ltr'><strong>Prouincialis</strong></span> <span class='ocrx_word' id='word_1_41' title='bbox 996 1320 1264 1427; x_wconf 84' lang='lat' dir='ltr'><strong>prenominati</strong></span> <span class='ocrx_word' id='word_1_42' title='bbox 1289 1337 1332 1402; x_wconf 90' lang='lat' dir='ltr'><strong>et</strong></span> <span class='ocrx_word' id='word_1_43' title='bbox 1353 1320 1393 1402; x_wconf 91' lang='lat' dir='ltr'><strong>in</strong></span> 
     </span>
     <span class='ocr_line' id='line_1_8' title="bbox 254 1427 1391 1544; baseline 0.002 -21"><span class='ocrx_word' id='word_1_44' title='bbox 254 1458 259 1471; x_wconf 74' lang='grc'><strong>“</strong></span> <span class='ocrx_word' id='word_1_45' title='bbox 365 1432 501 1523; x_wconf 90' lang='lat' dir='ltr'><strong>nostre</strong></span> <span class='ocrx_word' id='word_1_46' title='bbox 518 1437 798 1544; x_wconf 57' lang='lat' dir='ltr'><strong>jurisdictionis</strong></span> <span class='ocrx_word' id='word_1_47' title='bbox 815 1469 894 1527; x_wconf 90' lang='lat' dir='ltr'><strong>nec</strong></span> <span class='ocrx_word' id='word_1_48' title='bbox 909 1468 992 1527; x_wconf 87' lang='lat' dir='ltr'><strong>non</strong></span> <span class='ocrx_word' id='word_1_49' title='bbox 1009 1427 1196 1526; x_wconf 86' lang='lat' dir='ltr'><strong>diuturne</strong></span> <span class='ocrx_word' id='word_1_50' title='bbox 1207 1441 1391 1540; x_wconf 84' lang='lat' dir='ltr'><strong>Ecclefie</strong></span> 
     </span>
     <span class='ocr_line' id='line_1_9' title="bbox 366 1560 1392 1679; baseline 0.008 -35"><span class='ocrx_word' id='word_1_51' title='bbox 366 1560 501 1658; x_wconf 84' lang='lat' dir='ltr'><strong>nostre</strong></span> <span class='ocrx_word' id='word_1_52' title='bbox 528 1564 824 1679; x_wconf 83' lang='lat' dir='ltr'><strong>consuetudinis</strong></span> <span class='ocrx_word' id='word_1_53' title='bbox 844 1589 886 1653; x_wconf 94' lang='lat' dir='ltr'><strong>et</strong></span> <span class='ocrx_word' id='word_1_54' title='bbox 901 1569 1153 1653; x_wconf 84' lang='lat' dir='ltr'><strong>observantie</strong></span> <span class='ocrx_word' id='word_1_55' title='bbox 1170 1566 1392 1652; x_wconf 71' lang='lat' dir='ltr'><strong>illusionem</strong></span> 
     </span>
     <span class='ocr_line' id='line_1_10' title="bbox 364 1690 1391 1809; baseline -0.002 -31"><span class='ocrx_word' id='word_1_56' title='bbox 364 1717 451 1778; x_wconf 89' lang='lat' dir='ltr'><strong>non</strong></span> <span class='ocrx_word' id='word_1_57' title='bbox 466 1690 666 1809; x_wconf 81' lang='lat' dir='ltr'><strong>modicam</strong></span> <span class='ocrx_word' id='word_1_58' title='bbox 683 1715 726 1779; x_wconf 90' lang='lat' dir='ltr'><strong>et</strong></span> <span class='ocrx_word' id='word_1_59' title='bbox 742 1715 1046 1805; x_wconf 89' lang='lat' dir='ltr'><strong>contemptum,</strong></span> <span class='ocrx_word' id='word_1_60' title='bbox 1074 1721 1151 1780; x_wconf 90' lang='lat' dir='ltr'><strong>nos</strong></span> <span class='ocrx_word' id='word_1_61' title='bbox 1166 1697 1283 1802; x_wconf 81' lang='lat' dir='ltr'><strong>igitur</strong></span> <span class='ocrx_word' id='word_1_62' title='bbox 1303 1714 1391 1777; x_wconf 88' lang='lat' dir='ltr'><strong>tan·</strong></span> 
     </span>
     <span class='ocr_line' id='line_1_11' title="bbox 366 1819 1391 1932; baseline 0.003 -27"><span class='ocrx_word' id='word_1_63' title='bbox 366 1846 487 1932; x_wconf 88' lang='lat' dir='ltr'><strong>quam</strong></span> <span class='ocrx_word' id='word_1_64' title='bbox 503 1819 741 1910; x_wconf 86' lang='lat' dir='ltr'><strong>statutorum</strong></span> <span class='ocrx_word' id='word_1_65' title='bbox 758 1825 1067 1912; x_wconf 82' lang='lat' dir='ltr'><strong>Prouincialium</strong></span> <span class='ocrx_word' id='word_1_66' title='bbox 1086 1844 1281 1910; x_wconf 87' lang='lat' dir='ltr'><strong>executor</strong></span> <span class='ocrx_word' id='word_1_67' title='bbox 1297 1848 1391 1932; x_wconf 86' lang='lat' dir='ltr'><strong>pre·</strong></span> 
     </span>
     <span class='ocr_line' id='line_1_12' title="bbox 256 1937 1388 2046; baseline 0.011 -17"><span class='ocrx_word' id='word_1_68' title='bbox 256 1937 260 1948; x_wconf 74' lang='grc'><em>’</em></span> <span class='ocrx_word' id='word_1_69' title='bbox 362 1944 490 2033; x_wconf 82' lang='lat' dir='ltr'><strong>satum</strong></span> <span class='ocrx_word' id='word_1_70' title='bbox 507 1948 693 2036; x_wconf 89' lang='lat' dir='ltr'><strong>statutum</strong></span> <span class='ocrx_word' id='word_1_71' title='bbox 703 1941 896 2039; x_wconf 85' lang='lat' dir='ltr'><strong>innovare</strong></span> <span class='ocrx_word' id='word_1_72' title='bbox 912 1974 954 2046; x_wconf 85' lang='lat' dir='ltr'><strong>et</strong></span> <span class='ocrx_word' id='word_1_73' title='bbox 969 1949 1299 2040; x_wconf 84' lang='lat' dir='ltr'><strong>consuetudinem</strong></span> <span class='ocrx_word' id='word_1_74' title='bbox 1308 1949 1388 2040; x_wconf 65' lang='lat' dir='ltr'><strong>Ec,</strong></span> 
     </span>
     <span class='ocr_line' id='line_1_13' title="bbox 361 2078 1386 2190; baseline -0.001 -25"><span class='ocrx_word' id='word_1_75' title='bbox 361 2083 481 2169; x_wconf 83' lang='lat' dir='ltr'><strong>clesre</strong></span> <span class='ocrx_word' id='word_1_76' title='bbox 495 2078 629 2170; x_wconf 86' lang='lat' dir='ltr'><strong>nostre</strong></span> <span class='ocrx_word' id='word_1_77' title='bbox 640 2086 697 2171; x_wconf 79' lang='lat' dir='ltr'><strong>sac</strong></span> <span class='ocrx_word' id='word_1_78' title='bbox 714 2088 783 2171; x_wconf 89' lang='lat' dir='ltr'><strong>diu</strong></span> <span class='ocrx_word' id='word_1_79' title='bbox 799 2079 1048 2172; x_wconf 87' lang='lat' dir='ltr'><strong>observatam</strong></span> <span class='ocrx_word' id='word_1_80' title='bbox 1073 2109 1165 2168; x_wconf 89' lang='lat' dir='ltr'><strong>cum</strong></span> <span class='ocrx_word' id='word_1_81' title='bbox 1187 2108 1296 2190; x_wconf 91' lang='lat' dir='ltr'><strong>pene</strong></span> <span class='ocrx_word' id='word_1_82' title='bbox 1318 2080 1386 2165; x_wconf 85' lang='lat' dir='ltr'><strong>ad·</strong></span> 
     </span>
    </p>
   </div>
   <div class='ocr_carea' id='block_1_2' title="bbox 298 2208 1438 2956">
    <p class='ocr_par' dir='ltr' id='par_1_2' title="bbox 298 2208 1438 2956">
     <span class='ocr_line' id='line_1_14' title="bbox 359 2208 1386 2318; baseline -0.006 -24"><span class='ocrx_word' id='word_1_83' title='bbox 359 2209 537 2318; x_wconf 68' lang='lat' dir='ltr'><strong>jebtione</strong></span> <span class='ocrx_word' id='word_1_84' title='bbox 555 2233 680 2318; x_wconf 90' lang='lat' dir='ltr'><strong>prout</strong></span> <span class='ocrx_word' id='word_1_85' title='bbox 698 2235 750 2297; x_wconf 85' lang='lat' dir='ltr'><strong>ex</strong></span> <span class='ocrx_word' id='word_1_86' title='bbox 768 2211 948 2318; x_wconf 76' lang='lat' dir='ltr'><strong>injundto</strong></span> <span class='ocrx_word' id='word_1_87' title='bbox 961 2214 1081 2297; x_wconf 85' lang='lat' dir='ltr'><strong>nobis</strong></span> <span class='ocrx_word' id='word_1_88' title='bbox 1104 2213 1236 2295; x_wconf 89' lang='lat' dir='ltr'><strong>officio</strong></span> <span class='ocrx_word' id='word_1_89' title='bbox 1252 2208 1386 2291; x_wconf 87' lang='lat' dir='ltr'><strong>sumus</strong></span> 
     </span>
     <span class='ocr_line' id='line_1_15' title="bbox 361 2332 1438 2464; baseline -0.003 -44"><span class='ocrx_word' id='word_1_90' title='bbox 361 2332 504 2420; x_wconf 73' lang='lat' dir='ltr'><strong>ablui</strong></span> <span class='ocrx_word' id='word_1_91' title='bbox 536 2336 773 2426; x_wconf 86' lang='lat' dir='ltr'><strong>conservare</strong></span> <span class='ocrx_word' id='word_1_92' title='bbox 800 2363 848 2422; x_wconf 88' lang='lat' dir='ltr'><strong>ac</strong></span> <span class='ocrx_word' id='word_1_93' title='bbox 873 2335 1032 2446; x_wconf 87' lang='lat' dir='ltr'><strong>prefato</strong></span> <span class='ocrx_word' id='word_1_94' title='bbox 1057 2333 1233 2421; x_wconf 84' lang='lat' dir='ltr'><strong>falfitatis</strong></span> <span class='ocrx_word' id='word_1_95' title='bbox 1259 2335 1384 2431; x_wconf 85' lang='lat' dir='ltr'><strong>vicio,</strong></span> <span class='ocrx_word' id='word_1_96' title='bbox 1437 2435 1438 2464; x_wconf 19' lang='grc' dir='ltr'>ᾗ</span> 
     </span>
     <span class='ocr_line' id='line_1_16' title="bbox 302 2456 1438 2580; baseline -0.002 -29"><span class='ocrx_word' id='word_1_97' title='bbox 302 2456 304 2463; x_wconf 71' lang='grc'><strong>’</strong></span> <span class='ocrx_word' id='word_1_98' title='bbox 358 2463 401 2551; x_wconf 89' lang='lat' dir='ltr'><strong>in</strong></span> <span class='ocrx_word' id='word_1_99' title='bbox 418 2473 618 2575; x_wconf 81' lang='lat' dir='ltr'><strong>quantum</strong></span> <span class='ocrx_word' id='word_1_100' title='bbox 630 2467 889 2577; x_wconf 60' lang='lat' dir='ltr'><strong>polsumus,</strong></span> <span class='ocrx_word' id='word_1_101' title='bbox 901 2468 1068 2556; x_wconf 86' lang='lat' dir='ltr'><strong>obviare</strong></span> <span class='ocrx_word' id='word_1_102' title='bbox 1093 2472 1304 2580; x_wconf 80' lang='lat' dir='ltr'><strong>volentes,</strong></span> <span class='ocrx_word' id='word_1_103' title='bbox 1338 2483 1393 2550; x_wconf 89' lang='lat' dir='ltr'><strong>ut·</strong></span> <span class='ocrx_word' id='word_1_104' title='bbox 1437 2465 1438 2471; x_wconf 64' lang='lat'>‘</span> 
     </span>
     <span class='ocr_line' id='line_1_17' title="bbox 360 2581 1436 2700; baseline 0.009 -26"><span class='ocrx_word' id='word_1_105' title='bbox 360 2617 464 2700; x_wconf 85' lang='lat' dir='ltr'><strong>quos</strong></span> <span class='ocrx_word' id='word_1_106' title='bbox 481 2598 601 2678; x_wconf 88' lang='lat' dir='ltr'><strong>timor</strong></span> <span class='ocrx_word' id='word_1_107' title='bbox 619 2597 703 2681; x_wconf 90' lang='lat' dir='ltr'><strong>Dei</strong></span> <span class='ocrx_word' id='word_1_108' title='bbox 718 2622 740 2679; x_wconf 89' lang='lat' dir='ltr'><strong>a</strong></span> <span class='ocrx_word' id='word_1_109' title='bbox 753 2598 860 2680; x_wconf 88' lang='lat' dir='ltr'><strong>malo</strong></span> <span class='ocrx_word' id='word_1_110' title='bbox 873 2618 963 2679; x_wconf 91' lang='lat' dir='ltr'><strong>non</strong></span> <span class='ocrx_word' id='word_1_111' title='bbox 982 2581 1165 2693; x_wconf 89' lang='lat' dir='ltr'><strong>revocat,</strong></span> <span class='ocrx_word' id='word_1_112' title='bbox 1195 2591 1384 2678; x_wconf 72' lang='lat' dir='ltr'><strong>ecclesia·</strong></span> <span class='ocrx_word' id='word_1_113' title='bbox 1435 2671 1436 2684; x_wconf 23' lang='lat' dir='ltr'><strong>l</strong></span> 
     </span>
     <span class='ocr_line' id='line_1_18' title="bbox 298 2705 1385 2834; baseline 0.004 -38"><span class='ocrx_word' id='word_1_114' title='bbox 298 2793 302 2796; x_wconf 80' lang='grc'><strong>,</strong></span> <span class='ocrx_word' id='word_1_115' title='bbox 357 2705 614 2805; x_wconf 70' lang='lat' dir='ltr'><strong>stice&#39;saltem</strong></span> <span class='ocrx_word' id='word_1_116' title='bbox 653 2723 872 2828; x_wconf 82' lang='lat' dir='ltr'><strong>coherceat</strong></span> <span class='ocrx_word' id='word_1_117' title='bbox 908 2719 1125 2834; x_wconf 78' lang='lat' dir='ltr'><strong>seueritatis</strong></span> <span class='ocrx_word' id='word_1_118' title='bbox 1167 2717 1385 2824; x_wconf 86' lang='lat' dir='ltr'><strong>disciplina,</strong></span> 
     </span>
     <span class='ocr_line' id='line_1_19' title="bbox 355 2831 1383 2956; baseline 0 -28"><span class='ocrx_word' id='word_1_119' title='bbox 355 2847 476 2935; x_wconf 83' lang='lat' dir='ltr'><strong>vobis</strong></span> <span class='ocrx_word' id='word_1_120' title='bbox 491 2851 679 2946; x_wconf 77' lang='lat' dir='ltr'><strong>omnibus</strong></span> <span class='ocrx_word' id='word_1_121' title='bbox 698 2868 741 2934; x_wconf 91' lang='lat' dir='ltr'><strong>et</strong></span> <span class='ocrx_word' id='word_1_122' title='bbox 755 2847 916 2956; x_wconf 81' lang='lat' dir='ltr'><strong>sangulis</strong></span> <span class='ocrx_word' id='word_1_123' title='bbox 931 2835 1003 2929; x_wconf 86' lang='lat' dir='ltr'><strong>sub</strong></span> <span class='ocrx_word' id='word_1_124' title='bbox 1021 2831 1160 2939; x_wconf 82' lang='lat' dir='ltr'><strong>debito</strong></span> <span class='ocrx_word' id='word_1_125' title='bbox 1186 2843 1383 2954; x_wconf 88' lang='lat' dir='ltr'><strong>obedien·</strong></span> 
     </span>
    </p>
   </div>
   <div class='ocr_carea' id='block_1_3' title="bbox 209 2962 1381 3078">
    <p class='ocr_par' dir='ltr' id='par_1_3' title="bbox 209 2962 1381 3078">
     <span class='ocr_line' id='line_1_20' title="bbox 209 2962 1381 3078; baseline 0.002 -25"><span class='ocrx_word' id='word_1_126' title='bbox 209 3014 212 3023; x_wconf 76' lang='lat'><strong>,</strong></span> <span class='ocrx_word' id='word_1_127' title='bbox 290 3020 292 3023; x_wconf 94' lang='lat'>-</span> <span class='ocrx_word' id='word_1_128' title='bbox 354 2972 411 3054; x_wconf 89' lang='lat' dir='ltr'><strong>tie</strong></span> <span class='ocrx_word' id='word_1_129' title='bbox 438 2993 479 3054; x_wconf 92' lang='lat' dir='ltr'><strong>et</strong></span> <span class='ocrx_word' id='word_1_130' title='bbox 502 2972 574 3058; x_wconf 84' lang='lat' dir='ltr'><strong>sub</strong></span> <span class='ocrx_word' id='word_1_131' title='bbox 595 2962 878 3078; x_wconf 70' lang='lat' dir='ltr'><strong>infrascriptis</strong></span> <span class='ocrx_word' id='word_1_132' title='bbox 910 2967 1217 3078; x_wconf 28' lang='lat' dir='ltr'><strong>penishdistricie</strong></span> <span class='ocrx_word' id='word_1_133' title='bbox 1249 2975 1381 3077; x_wconf 89' lang='lat' dir='ltr'><strong>preci·</strong></span> 
     </span>
    </p>
   </div>
   <div class='ocr_carea' id='block_1_4' title="bbox 291 3090 1426 4336">
    <p class='ocr_par' dir='ltr' id='par_1_4' title="bbox 291 3090 1426 4236">
     <span class='ocr_line' id='line_1_21' title="bbox 353 3090 1383 3208; baseline -0.001 -27"><span class='ocrx_word' id='word_1_134' title='bbox 353 3098 506 3208; x_wconf 91' lang='lat' dir='ltr'><strong>piendo</strong></span> <span class='ocrx_word' id='word_1_135' title='bbox 523 3090 767 3200; x_wconf 79' lang='lat' dir='ltr'><strong>mandamus,</strong></span> <span class='ocrx_word' id='word_1_136' title='bbox 797 3125 851 3183; x_wconf 89' lang='lat' dir='ltr'><strong>ne</strong></span> <span class='ocrx_word' id='word_1_137' title='bbox 875 3123 951 3182; x_wconf 85' lang='lat' dir='ltr'><strong>vos</strong></span> <span class='ocrx_word' id='word_1_138' title='bbox 970 3095 1038 3182; x_wconf 87' lang='lat' dir='ltr'><strong>aut</strong></span> <span class='ocrx_word' id='word_1_139' title='bbox 1052 3102 1189 3206; x_wconf 87' lang='lat' dir='ltr'><strong>aliquis</strong></span> <span class='ocrx_word' id='word_1_140' title='bbox 1205 3095 1383 3195; x_wconf 80' lang='lat' dir='ltr'><strong>vestrum</strong></span> 
     </span>
     <span class='ocr_line' id='line_1_22' title="bbox 355 3221 1382 3342; baseline -0.001 -34"><span class='ocrx_word' id='word_1_141' title='bbox 355 3231 617 3334; x_wconf 86' lang='lat' dir='ltr'><strong>quascunque</strong></span> <span class='ocrx_word' id='word_1_142' title='bbox 648 3227 797 3312; x_wconf 83' lang='lat' dir='ltr'><strong>litteras</strong></span> <span class='ocrx_word' id='word_1_143' title='bbox 821 3221 1073 3330; x_wconf 76' lang='lat' dir='ltr'><strong>Apostolicas</strong></span> <span class='ocrx_word' id='word_1_144' title='bbox 1096 3223 1165 3307; x_wconf 89' lang='lat' dir='ltr'><strong>seu</strong></span> <span class='ocrx_word' id='word_1_145' title='bbox 1196 3224 1382 3342; x_wconf 83' lang='lat' dir='ltr'><strong>mandata</strong></span> 
     </span>
     <span class='ocr_line' id='line_1_23' title="bbox 353 3353 1379 3462; baseline 0.006 -25"><span class='ocrx_word' id='word_1_146' title='bbox 353 3356 588 3462; x_wconf 88' lang='lat' dir='ltr'><strong>Apostolita</strong></span> <span class='ocrx_word' id='word_1_147' title='bbox 609 3356 786 3442; x_wconf 86' lang='lat' dir='ltr'><strong>Gratiam</strong></span> <span class='ocrx_word' id='word_1_148' title='bbox 813 3360 880 3440; x_wconf 83' lang='lat' dir='ltr'><strong>uel</strong></span> <span class='ocrx_word' id='word_1_149' title='bbox 908 3353 1093 3458; x_wconf 85' lang='lat' dir='ltr'><strong>justitian</strong></span> <span class='ocrx_word' id='word_1_150' title='bbox 1122 3357 1379 3443; x_wconf 87' lang='lat' dir='ltr'><strong>continentes</strong></span> 
     </span>
     <span class='ocr_line' id='line_1_24' title="bbox 352 3481 1378 3596; baseline 0.001 -29"><span class='ocrx_word' id='word_1_151' title='bbox 352 3481 424 3568; x_wconf 91' lang='lat' dir='ltr'><strong>seu</strong></span> <span class='ocrx_word' id='word_1_152' title='bbox 438 3490 685 3573; x_wconf 90' lang='lat' dir='ltr'><strong>continentia</strong></span> <span class='ocrx_word' id='word_1_153' title='bbox 701 3488 883 3596; x_wconf 83' lang='lat' dir='ltr'><strong>recipiat,</strong></span> <span class='ocrx_word' id='word_1_154' title='bbox 907 3486 1016 3592; x_wconf 84' lang='lat' dir='ltr'><strong>legat</strong></span> <span class='ocrx_word' id='word_1_155' title='bbox 1033 3503 1176 3570; x_wconf 81' lang='lat' dir='ltr'><strong>aureas</strong></span> <span class='ocrx_word' id='word_1_156' title='bbox 1187 3488 1378 3595; x_wconf 84' lang='lat' dir='ltr'><strong>qualiter·</strong></span> 
     </span>
     <span class='ocr_line' id='line_1_25' title="bbox 291 3601 1378 3720; baseline 0.001 -24"><span class='ocrx_word' id='word_1_157' title='bbox 291 3648 293 3654; x_wconf 56' lang='grc'><em>’</em></span> <span class='ocrx_word' id='word_1_158' title='bbox 352 3636 514 3720; x_wconf 80' lang='lat' dir='ltr'><strong>cunque</strong></span> <span class='ocrx_word' id='word_1_159' title='bbox 539 3627 759 3720; x_wconf 87' lang='lat' dir='ltr'><strong>exequatur</strong></span> <span class='ocrx_word' id='word_1_160' title='bbox 774 3601 851 3694; x_wconf 77' lang='lat' dir='ltr'><strong>&#39;vel</strong></span> <span class='ocrx_word' id='word_1_161' title='bbox 868 3601 963 3714; x_wconf 85' lang='lat' dir='ltr'><strong>¹ipsrs</strong></span> <span class='ocrx_word' id='word_1_162' title='bbox 984 3627 1118 3692; x_wconf 85' lang='lat' dir='ltr'><strong>utatur</strong></span> <span class='ocrx_word' id='word_1_163' title='bbox 1142 3630 1210 3693; x_wconf 89' lang='lat' dir='ltr'><strong>aut</strong></span> <span class='ocrx_word' id='word_1_164' title='bbox 1239 3635 1378 3697; x_wconf 88' lang='lat' dir='ltr'><strong>earum</strong></span> 
     </span>
     <span class='ocr_line' id='line_1_26' title="bbox 351 3733 1426 3847; baseline 0.003 -32"><span class='ocrx_word' id='word_1_165' title='bbox 351 3734 623 3844; x_wconf 82' lang='lat' dir='ltr'><strong>publicationi</strong></span> <span class='ocrx_word' id='word_1_166' title='bbox 642 3752 710 3818; x_wconf 90' lang='lat' dir='ltr'><strong>aut</strong></span> <span class='ocrx_word' id='word_1_167' title='bbox 726 3735 963 3832; x_wconf 86' lang='lat' dir='ltr'><strong>executioni</strong></span> <span class='ocrx_word' id='word_1_168' title='bbox 979 3752 1180 3842; x_wconf 85' lang='lat' dir='ltr'><strong>tamquam</strong></span> <span class='ocrx_word' id='word_1_169' title='bbox 1194 3733 1299 3820; x_wconf 90' lang='lat' dir='ltr'><strong>testis</strong></span> <span class='ocrx_word' id='word_1_170' title='bbox 1309 3737 1379 3819; x_wconf 90' lang='lat' dir='ltr'><strong>vel</strong></span> <span class='ocrx_word' id='word_1_171' title='bbox 1425 3843 1426 3847; x_wconf 7' lang='grc' dir='ltr'><strong><em>Ν</em></strong></span> 
     </span>
     <span class='ocr_line' id='line_1_27' title="bbox 329 3863 1375 3974; baseline -0.001 -25"><span class='ocrx_word' id='word_1_172' title='bbox 329 3865 445 3949; x_wconf 74' lang='lat' dir='ltr'><strong>‘alias</strong></span> <span class='ocrx_word' id='word_1_173' title='bbox 468 3868 798 3974; x_wconf 84' lang='lat' dir='ltr'><strong>qualitercunque</strong></span> <span class='ocrx_word' id='word_1_174' title='bbox 822 3863 993 3962; x_wconf 87' lang='lat' dir='ltr'><strong>interfit,</strong></span> <span class='ocrx_word' id='word_1_175' title='bbox 1031 3865 1233 3974; x_wconf 87' lang='lat' dir='ltr'><strong>nifiprius</strong></span> <span class='ocrx_word' id='word_1_176' title='bbox 1255 3864 1375 3973; x_wconf 84' lang='lat' dir='ltr'><strong>super</strong></span> 
     </span>
     <span class='ocr_line' id='line_1_28' title="bbox 346 3979 1375 4110; baseline 0.003 -30"><span class='ocrx_word' id='word_1_177' title='bbox 346 3979 504 4110; x_wconf 46' lang='lat' dir='ltr'><strong>&#39;eisdem</strong></span> <span class='ocrx_word' id='word_1_178' title='bbox 513 4001 661 4081; x_wconf 87' lang='lat' dir='ltr'><strong>litteras</strong></span> <span class='ocrx_word' id='word_1_179' title='bbox 679 3993 831 4080; x_wconf 87' lang='lat' dir='ltr'><strong>nostras</strong></span> <span class='ocrx_word' id='word_1_180' title='bbox 850 3991 1150 4094; x_wconf 86' lang='lat' dir='ltr'><strong>testimoniales,</strong></span> <span class='ocrx_word' id='word_1_181' title='bbox 1181 4005 1261 4101; x_wconf 86' lang='lat' dir='ltr'><strong>que</strong></span> <span class='ocrx_word' id='word_1_182' title='bbox 1276 3989 1375 4082; x_wconf 74' lang='lat' dir='ltr'><strong>visl-</strong></span> 
     </span>
     <span class='ocr_line' id='line_1_29' title="bbox 351 4111 1423 4236; baseline -0.007 -22"><span class='ocrx_word' id='word_1_183' title='bbox 351 4140 748 4234; x_wconf 83' lang='lat' dir='ltr'><strong>mtorruncupantur,</strong></span> <span class='ocrx_word' id='word_1_184' title='bbox 777 4123 976 4236; x_wconf 80' lang='lat' dir='ltr'><strong>recipiatis</strong></span> <span class='ocrx_word' id='word_1_185' title='bbox 992 4119 1064 4206; x_wconf 78' lang='lat' dir='ltr'><strong>uel</strong></span> <span class='ocrx_word' id='word_1_186' title='bbox 1084 4121 1181 4204; x_wconf 84' lang='lat' dir='ltr'><strong>alter</strong></span> <span class='ocrx_word' id='word_1_187' title='bbox 1199 4111 1376 4219; x_wconf 77' lang='lat' dir='ltr'><strong>vestrum</strong></span> <span class='ocrx_word' id='word_1_188' title='bbox 1422 4143 1423 4190; x_wconf 57' lang='lat'>³</span> 
     </span>
    </p>

    <p class='ocr_par' dir='ltr' id='par_1_5' title="bbox 737 4248 1422 4336">
     <span class='ocr_line' id='line_1_30' title="bbox 737 4248 1422 4336; baseline -0.001 -2"><span class='ocrx_word' id='word_1_189' title='bbox 737 4297 742 4307; x_wconf 41' lang='grc' dir='ltr'><em>ι</em></span> <span class='ocrx_word' id='word_1_190' title='bbox 1270 4271 1373 4336; x_wconf 84' lang='lat' dir='ltr'><strong>recr-</strong></span> <span class='ocrx_word' id='word_1_191' title='bbox 1421 4248 1422 4306; x_wconf 66' lang='lat'>³</span> 
     </span>
    </p>
   </div>
   <div class='ocr_carea' id='block_1_5' title="bbox 0 0 1610 4992">
    <p class='ocr_par' dir='ltr' id='par_1_6' title="bbox 0 0 1610 4992">
     <span class='ocr_line' id='line_1_31' title="bbox 0 0 1610 4992; baseline 0 9"><span class='ocrx_word' id='word_1_192' title='bbox 0 0 1610 4992; x_wconf 95' lang='lat' dir='ltr'><strong> </strong></span> 
     </span>
    </p>
   </div>
  </div>
 </body>
</html>
