3209 4992
637 421 850 525 *W
1176 444 1249 529 oar
1358 412 1363 419 ’

218 616 291 700 rio
306 574 421 720 ipius
438 613 589 699 Domini
604 618 715 699 nostri
736 614 973 721 Imperatoris
989 618 1084 703 ¹dnm
1101 635 1258 729 uterque

218 730 395 845 ipserum
408 734 521 813 vitam
540 754 668 839 ageret
684 734 725 815 iu
746 734 927 833 burnonis,
955 737 1138 837 quendam
1158 743 1279 819 ordi·

217 849 417 929 nationem
443 848 550 928 inivit
576 867 612 927 et
638 849 810 931 nudavit
831 851 1031 931 videlieet:
1069 856 1280 951 quodDov

216 961 458 1043 minusDux
475 962 654 1043 Heinricru
672 978 811 1043 terram
832 978 870 1043 et
887 961 1087 1043 distrietom
1100 968 1259 1053 Glaeen-
1392 986 1397 997 “

216 1074 304 1155 sem
315 1095 398 1152 eum
417 1072 612 1177 vosaliagijs
627 1074 744 1154 feodis
762 1073 930 1176 dominijs
940 1092 977 1155 et
987 1076 1153 1157 omnibus
1170 1105 1258 1183 per-

217 1186 397 1289 tineneijs
427 1188 495 1269 suis
524 1194 570 1271 de
590 1191 762 1271 consensu
791 1190 968 1295 genitoris
991 1188 1079 1269 dieti
1103 1194 1258 1295 Domini

217 1302 339 1383 nostri
358 1304 589 1403 tmperotoris
606 1306 652 1383 ad
678 1304 754 1383 vite
778 1304 840 1385 sue
864 1308 1052 1385 dumtaxat
1085 1322 1256 1411 temporo
1345 1382 1354 1399 ,

218 1418 367 1516 habere
399 1419 575 1519 deberet,
605 1437 646 1499 ut
676 1436 798 1501 tamen
827 1444 870 1499 eo
892 1419 1074 1501 moriente
1090 1422 1256 1509 Dueatus

218 1527 279 1612 sui
301 1547 390 1629 puta
403 1529 706 1612 Wratislaviensrs
722 1548 759 1611 et
780 1526 933 1614 defiens
934 1554 950 1609 s
976 1517 1023 1610 ad
1044 1534 1256 1637 prediorum

198 1643 395 1749 'glocense
412 1643 626 1726 Dominium
641 1651 688 1725 ad
702 1648 806 1728 usum
830 1664 867 1725 et
889 1644 1134 1747 poffeffionem
1164 1653 1256 1737 utri

219 1754 407 1857 genitoris
434 1741 587 1836 Domini
615 1758 726 1838 nostri
751 1756 987 1857 Imperatoris
1015 1755 1192 1841 heredum
1216 1782 1256 1847 et

224 1868 470 1950 suceessorum
489 1872 597 1971 ipsus
613 1875 759 1979 Regum
768 1873 921 1955 Bo'emie
937 1886 975 1950 et
986 1893 1120 1950 corone
1128 1876 1254 1981 Regm
1372 1942 1376 1957 ,

221 1983 348 2065 eidem
381 1982 455 2062 sne
487 1985 698 2066 difficultate
728 1984 892 2087 qualibet
927 1973 1138 2066 revenirent
1160 1989 1254 2076 stent

220 2098 299 2197 hoe
316 2075 481 2200 processu
499 2099 640 2179 dierum
657 2088 703 2177 ad
719 2100 831 2179 finem
850 2096 1021 2176 devenit
1010 2117 1189 2183 intentum
1206 2130 1253 2189 eo
1356 2190 1360 2195 .

220 2218 324 2318 quod
348 2214 464 2295 didius
490 2218 575 2297 Rex
595 2219 760 2311 johannes
782 2189 920 2326 prefati
952 2214 1105 2295 Domini
1137 2220 1253 2307 nostri

220 2335 462 2437 Imperatoris
483 2336 631 2434 genitor
660 2336 744 2412 dum
772 2334 916 2412 viveret
942 2334 1123 2412 moriente
1140 2334 1248 2415 Duee
1306 2401 1315 2419 ,

219 2448 371 2554 prefato
396 2448 442 2528 'et
468 2450 652 2532 Ducatum
681 2444 1017 2526 Wratisiaviensem
1049 2461 1086 2524 et
1109 2464 1251 2530 terram

222 2559 433 2663 giaeensem
450 2561 632 2660 prefatam
649 2558 767 2639 tenuit
793 2574 829 2635 et
847 2556 999 2659 poss'edit
1020 2573 1057 2635 et
1076 2558 1151 2660 ipse
1166 2564 1248 2642 Do·

218 2670 344 2751 minus
370 2670 489 2747 noster
508 2672 713 2771 Imperator
738 2672 783 2749 de
799 2668 961 2769 presenti
980 2672 1080 2749 velut
1094 2673 1247 2757 Bo'e'nrie
1300 2716 1303 2725 .

218 2792 310 2877 Rex
330 2792 367 2870 io
389 2791 596 2895 poss'essione
617 2809 744 2873 tenens
767 2808 963 2891 utrumque
986 2791 1161 2871 utrolibet
1186 2795 1254 2873 do·
1286 2786 1290 2791 ’
1360 2840 1375 2891 ;

220 2902 398 2985 minatur.
466 2910 515 2986 Et
541 2906 704 3007 quamvis
726 2904 895 2984 Marehia
917 2901 1179 2985 ”Budisseneniis
1210 2922 1251 2990 et

220 3018 445 3098 Gorlieensrs
475 3044 546 3121 que
573 3044 655 3109 eum
678 3018 814 3121 ceteris,
836 3016 1044 3095 civitatibus
1065 3017 1182 3118 opidis
1208 3038 1248 3103 et
1278 3038 1283 3062 ¹
1398 3114 1401 3121 ,

227 3132 462 3237 pertinentiJ's
488 3134 559 3214 suis
583 3137 630 3213 od
650 3156 805 3241 regnum
832 3154 868 3210 et
891 3154 1062 3211 eoronam
1082 3134 1246 3237 ¹Boemie

172 3248 176 3264 “
216 3247 435 3349 abantiquo
451 3249 671 3349 pertinuerit
689 3244 946 3349 per'iliustrem
961 3246 1162 3327 Dominum
1180 3253 1247 3327 ot.
1284 3274 1286 3279 ¹
1391 3331 1393 3338 ,

217 3370 381 3451 sarnam
399 3370 581 3469 quondam
613 3368 764 3458 Boemie
787 3368 930 3471 Regem
954 3387 1130 3465 proavum
1155 3362 1247 3443 oreti
1312 3414 1318 3423 -

218 3481 377 3584 Domini
401 3481 513 3561 nostri
534 3479 806 3584 Imperatoris
792 3504 832 3557 m
851 3475 1022 3579 personas
1049 3475 1245 3558 illustrium
1338 3580 1342 3587 ι

219 3595 432 3703 principum
480 3611 518 3673 et
552 3593 798 3674 Dominorum
844 3590 1024 3722 quondam
1054 3590 1244 3672 Branden·

217 3708 456 3818 burgensrum
474 3705 734 3787 Marehionum
755 3730 803 3786 ex
817 3702 923 3781 certis
952 3700 989 3781 et
1004 3701 1240 3784 rationabili·

218 3827 288 3909 bus
308 3822 420 3904 caulis
435 3822 589 3902 alienata
604 3820 739 3919 fuerit,
763 3818 957 3917 aliquando
970 3831 1092 3895 tamen
1108 3817 1242 3898 Domi·

218 3932 561 4025 nisNiarehionibus
581 3931 755 4032 prodistis
771 3931 909 4034 absque
924 3929 1120 4011 heredibus
1133 3932 1243 4013 sexus

173 4090 176 4097 ·
218 4054 407 4144 masculini
431 4045 689 4172 decedentibus
711 4049 758 4132 ab
773 4048 844 4169 bae
858 4045 935 4139 vita
949 4043 1088 4132 nobiles
1101 4047 1243 4130 milites

202 4212 206 4217 ’
1141 4182 1242 4273 cives
