3209 4992
667 461 880 568 Ἢ
1211 486 1283 585 ,ε’
1337 510 1344 539 1

248 657 340 761 quin
371 654 518 737 aliunde
552 677 600 736 ex
629 661 792 764 regulari
839 660 1058 740 monasterio
1080 659 1150 740 fibi
1176 685 1288 762 expe

250 791 345 870 tanc,
373 795 632 871 quemcunque
654 777 848 854 meliorem
866 755 1035 854 iridenire
1053 777 1197 851 valeant
1211 827 1224 872 ,
1240 789 1289 853 ‘et
1341 848 1343 853 .

250 885 415 964 electum
434 885 520 962 sulti
546 885 764 967 aucloritate
787 871 1011 968 obtineant(
1043 887 1185 965 crisma
1198 909 1288 987 quo·

251 1025 349 1104 que,
372 1002 496 1078 oleum
516 1000 707 1101 anetum,
733 1004 1020 1113 consecrationes
1038 1003 1206 1080 altarium
1232 1017 1289 1078 at-

160 1107 161 1120 ¹
252 1143 326 1221 que
343 1116 599 1216 basilicarum,
625 1119 687 1200 seu
704 1120 863 1202 fratrum
883 1120 1218 1221 promovendorum
1237 1117 1286 1194 ab

252 1227 440 1332 Episcopo
460 1232 501 1310 in
525 1231 625 1333 cujus
653 1234 816 1336 dyoecesr
838 1235 946 1331 sunt,
978 1232 1137 1335 predicti
1151 1231 1287 1311 fratres

163 1411 171 1420 .
251 1348 371 1452 gratis
389 1345 595 1446 accipient,
626 1345 692 1426 nm
708 1349 807 1427 forte
823 1348 1081 1452 symoniacum
1106 1343 1174 1424 esse
1198 1370 1289 1424 oon·
1374 1429 1379 1446 ,
1440 1433 1444 1444 ,

250 1462 410 1561 stiterit,
436 1479 501 1540 aut
517 1453 712 1563 apostolic'e
730 1465 822 1542 sedis
839 1464 1134 1542 communionem
1152 1476 1189 1538 et
1200 1485 1289 1564 gra-

250 1581 343 1658 tIam
364 1604 441 1657 non
467 1579 607 1657 habere
631 1579 757 1679 quodsi
775 1580 1002 1676 constiterit,
1044 1578 1153 1654 liceat
1177 1576 1228 1654 eis
1249 1592 1288 1656 et
1360 1625 1365 1632 ·
1415 1667 1420 1675 ι

249 1699 382 1778 abbati
395 1714 434 1776 et
453 1702 718 1779 monachorum
741 1702 1009 1780 ordinationem
1028 1721 1072 1775 ac
1091 1686 1215 1774 ce'rera
1232 1695 1288 1773 sa-

252 1827 467 1907 cramenta,
492 1835 748 1913 aquocunque
767 1815 959 1894 Katholico
981 1812 1166 1893 voluerint
1182 1807 1290 1910 Epis-

249 1951 371 2026 copo,
395 1927 577 2026 postulare
597 1943 707 2025 atque
725 1929 905 2030 recipere.
958 1930 1104 2006 Nullam
1120 1926 1288 2025 senape

247 2044 420 2122 restarem
435 2041 473 2119 in
483 2045 619 2120 eodem
636 2047 718 2124 loeo
740 2045 988 2150 argentinensr
1004 2041 1198 2144 Episcopo,
1223 2061 1287 2122 cu-

244 2155 401 2258 justioet
414 2163 474 2237 vel
487 2161 640 2238 minime
656 2163 714 2240 rei
732 2168 906 2266 gerendo,
929 2179 995 2241 aut
1009 2146 1287 2240 ordinaodenifi
1400 2217 1406 2239 Ι

162 2332 166 2343 ·
249 2301 320 2378 pro
336 2275 527 2354 communi
543 2276 758 2356 fratrumet
777 2279 922 2356 abbatis
945 2281 1140 2358 voluntate
1152 2295 1288 2353 conce-

161 2385 165 2438 ?
249 2388 388 2484 dimus,
413 2411 484 2466 nec
501 2390 704 2490 aquolibet
721 2385 924 2492 Episcopo,
961 2395 1022 2473 vel
1046 2387 1288 2491 arehiepisco-

162 2511 166 2582 ἰ
247 2533 326 2612 po,
359 2509 555 2589 niliasolo
581 2509 776 2606 apostolice
791 2509 883 2589 sedis
906 2511 1072 2612 presule,
1111 2509 1149 2585 in
1166 2505 1286 2607 ipsum
1349 2536 1353 2544 “

163 2634 164 2654 ¹
248 2626 425 2722 abbatem
442 2627 504 2702 vel
518 2623 779 2702 monasterium
801 2621 878 2726 ejus
894 2620 1283 2704 excommunicationis

251 2735 470 2817 sententiam
483 2763 553 2837 pro
570 2762 789 2838 quacunque
807 2738 912 2818 causo
926 2737 1006 2816 dari
1024 2736 1285 2846 permittimur,

242 2861 323 2937 vhoc
340 2877 486 2953 quoque
504 2853 692 2953 speciatim
708 2851 959 2954 subijcientes,
989 2871 1032 2929 ut
1051 2853 1150 2927 idem
1174 2846 1286 2927 ce'no·

164 2970 167 2997 '
205 2966 208 2983 '
251 2969 357 3048 bium
380 2989 466 3044 cum
481 2966 576 3043 atrio
594 2966 670 3062 suo,
694 2988 854 3064 cumque
873 2964 1039 3053 omnibus
1054 2962 1122 3042 sibi
1142 2961 1287 3063 pertin·

250 3079 425 3184 gentibus
449 3078 498 3156 ab
522 3079 625 3158 omni
653 3080 905 3179 quorumlibet
940 3078 1130 3156 hominum
1159 3077 1314 3154 incur-⁸
1396 3109 1403 3134 ·

249 3201 349 3280 srone
364 3194 410 3274 fit
426 3197 608 3294 liberum,
656 3220 813 3276 necnon
829 3213 866 3274 et
888 3196 936 3272 ab
955 3194 1126 3296 Episcopi
1150 3213 1287 3294 argen-

249 3309 399 3390 tinensis
420 3313 763 3414 seuEpiscoporum
785 3312 978 3410 omniurn,
1003 3308 1307 3410 fiveEpiscopa·¹

249 3429 343 3506 lium
370 3427 643 3528 ministrorum,
683 3451 819 3531 regum
846 3450 990 3529 quoque
1012 3427 1284 3522 Imperatorum
1395 3511 1402 3542 ι

256 3544 432 3639 Ducum,
457 3545 665 3638 Comitum,
692 3545 929 3642 omniumque
948 3540 1138 3618 hominum
1158 3538 1285 3622 omni.

251 3659 372 3737 modis
391 3657 547 3762 seruitiis
562 3677 599 3738 et
622 3661 896 3763 gravaminibus
915 3657 958 3735 su
977 3656 1136 3754 alienum
1155 3654 1181 3733 sr
1201 3653 1295 3752 quis.

249 3771 469 3851 secularium
485 3773 621 3850 ibidem
647 3773 869 3873 sepulturam
888 3771 954 3851 srbi
974 3792 1173 3876 preparare
1191 3767 1285 3847 defi-

162 3880 168 4036 ⁴
249 3887 436 3965 deraverit
450 3940 463 3982 ,
479 3889 674 3971 ,monachis
698 3889 776 3964 illic
791 3885 1170 3987 conversantibuspie
1190 3883 1281 3961 desi·

164 4049 167 4059 =
250 4009 374 4084 derata
393 4005 500 4082 liceat
518 4006 732 4106 indulgere,
766 4029 835 4083 nec
860 4005 1027 4103 cuiquam
1053 4002 1281 4079 sacerdotum

248 4122 360 4203 casas
379 4122 424 4202 su
438 4121 647 4222 prohibere.
698 4123 759 4202 De
786 4123 982 4202 advocacie
1003 4115 1278 4200 vero-constitu·

775 4241 856 4334 Cr
1182 4234 1284 4320 tione
