3209 4992
429 444 853 554 Ἢ
1054 476 1332 582 ‹125⁴

203 639 333 745 ipsius
370 641 571 723 iblenniter-
585 644 769 745 celebrat,
802 643 915 725 tradit
935 627 1045 725 etiam
1071 648 1249 750 temporis

205 762 438 862 antiquitas,
465 784 523 839 eas
542 763 623 841 Vll.
645 764 731 843 Idus
751 763 974 869 Novembris
995 765 1157 864 Haselabc
1178 763 1250 848 effe

200 880 436 975 translatas,
461 877 553 955 ficut
565 877 678 972 ,modo
698 866 773 978 'per
790 876 1055 976 experientiam
1076 904 1249 983 compro·

199 994 346 1071 batum
375 992 436 1071 est.
480 990 629 1091 qnidam
667 1008 791 1072 autem
822 995 1095 1094 praesumentes
1119 1010 1249 1075 contra

200 1115 395 1202 unitatem
411 1111 596 1211 eceterae,
610 1112 768 1214 speciem
782 1111 930 1213 quidem
947 1113 1093 1214 pietatis
1109 1114 1246 1196 haben-

201 1247 277 1325 tes,
292 1226 486 1304 'virtutem
505 1243 626 1303 autem
642 1224 721 1327 ejus·
731 1228 981 1327 abnegantes,
1016 1250 1100 1305 cum
1126 1232 1246 1325 plum-

203 1348 282 1424 bea
300 1344 429 1423 tabula
442 1344 696 1440 emerserunt,
731 1364 824 1442 quac
852 1344 1045 1445 videbatur
1065 1345 1103 1422 id
1121 1347 1246 1425 testifi-

204 1460 288 1537 cari
314 1510 330 1553 ,
361 1452 592 1556 attollerem,
635 1459 797 1558 prefatas
827 1458 998 1556 reliquias
1028 1460 1068 1537 in
1084 1461 1246 1542 Ecolelia

203 1575 329 1657 santii
357 1570 505 1653 Thomna
532 1574 636 1653 fuisse
663 1571 857 1655 inventas:
895 1574 1000 1653 Nihil
1021 1589 1142 1653 autem
1167 1593 1245 1663 tant

204 1686 459 1797 incredibile,
486 1690 583 1785 quod
607 1712 680 1767 non
716 1687 871 1765 dicendo
897 1684 961 1762 liat
989 1688 1245 1772 memorabile.
1320 1747 1324 1760 .

205 1808 309 1887 unde
341 1816 378 1881 et
399 1801 503 1901 hujus
533 1804 729 1881 commenti
754 1801 988 1887 inventitium
1015 1817 1094 1879 tum
1111 1827 1242 1912 expo·

207 1915 333 2017 pulani
360 1916 512 2012 favore,
539 1935 615 1995 turn
642 1941 688 1995 ex
710 1916 764 1995 soi
790 1917 953 1994 novitate
980 1933 1123 1994 tantum
1142 1919 1245 2000 inva,

209 2032 295 2127 luit,
319 2034 570 2133 thanonicos
585 2033 743 2137 ejusdem
766 2033 936 2113 eccleliae
947 2036 992 2110 ad
1003 2033 1112 2133 ipsrus
1133 2060 1245 2135 quae-

168 2254 169 2261 Ν
209 2154 336 2233 ilionis
364 2150 588 2231 assertionem
614 2154 873 2254 compelleret,
923 2153 1121 2232 maximam
1151 2174 1242 2239 vero
1275 2177 1278 2186 ·
1385 2231 1387 2236 ,

168 2328 169 2333 a
213 2266 352 2345 civium
372 2281 514 2365 partem
530 2266 569 2343 in
586 2268 738 2344 eandem
750 2264 1029 2361 credulitatem,
1055 2287 1102 2341 ne
1120 2262 1242 2345 dicam
1322 2317 1350 2351 Ι,
1436 2361 1437 2366 Ν

168 2464 171 2477 ‚
215 2400 396 2473 errorem,
418 2376 640 2454 adduceret.¹
690 2380 771 2479 Ego
796 2400 885 2454 voro
904 2376 1060 2454 Consilio
1085 2375 1256 2469 Canoni-⁴

218 2514 345 2571 corum
362 2512 552 2589 meorum,
586 2494 794 2583 ceterorum
813 2512 959 2590 quoque
982 2490 1148 2569 virorum
1168 2488 1241 2568 dis·
1269 2501 1272 2508 ’

168 2616 170 2709 J
217 2625 429 2705 arctorum,
469 2606 577 2702 super
594 2608 664 2683 hoc
689 2606 840 2707 negotio
867 2606 1134 2683 communicato
1157 2605 1239 2683 saan-

217 2728 292 2807 ttos
309 2738 431 2827 patres
448 2724 667 2818 convocavi,
700 2724 877 2820 abbates,
899 2722 1147 2823 praepositos,
1176 2745 1239 2799 ca·

217 2834 387 2947 nonicoS,
412 2840 572 2946 aliosque
586 2848 794 2949 religiosos,
819 2849 1031 2946 inquorum
1051 2860 1237 2924 conventu
1261 2826 1269 2871 '’
1404 2849 1408 2859 '

220 2963 511 3069 praenominatae
526 2962 705 3040 Ecclefiae
731 2960 907 3039 Canonici
926 2982 1009 3035 cum
1027 2958 1149 3033 tabula
1174 2960 1237 3037 sua
1262 2948 1269 2994 ⁴*
1380 2954 1388 2980 ⁵

220 3084 489 3187 surrexerunt,
533 3072 631 3175 cujus
674 3074 866 3173 scriptura·
886 3071 1035 3172 publice
1068 3072 1238 3174 recitata,

223 3219 342 3299 ononcs
360 3194 580 3272 unanimiter
600 3194 840 3295 postularunt,
867 3208 908 3272 ut
925 3190 1084 3294 gratiam
1104 3190 1238 3292 divini„

225 3342 279 3403 tus
294 3318 510 3396 declaratam
533 3316 669 3417 populo
684 3315 978 3412 manifestarem,
998 3312 1238 3407 commenda·
1312 3333 1315 3336 ·

223 3426 614 3519 1em‚coniirmarem.
671 3419 918 3508 Processerunt
948 3428 1058 3504 etiam
1088 3425 1298 3530 ecclesie]

224 3541 460 3631 Halelacenlis
489 3542 683 3641 Canonici,
709 3542 941 3619 rationabiles
968 3538 1087 3616 causas
1121 3562 1237 3639 appo·

226 3654 359 3756 nentes,
383 3656 627 3737 testimonium
643 3656 729 3734 fidei
751 3670 786 3733 ct
809 3653 1237 3749 aotloritatemxtr'ansla·

227 3776 328 3857 tionis
345 3772 625 3867 solemnitatem,
646 3769 820 3870 temporis
835 3764 1102 3868 antiquitatem,
1124 3770 1236 3871 ipsius
1328 3844 1334 3858 ,
1412 3799 1414 3808 ’

228 3889 451 3982 locititulos,
482 3884 641 3983 aliasque
665 3875 874 3984 probabiles
895 3880 1137 3984 objettiones,
1169 3883 1246 3983 po·'
1433 3841 1438 4040 Σ

168 4054 170 4071 ›
232 4008 352 4086 stremo
366 3996 554 4077 humiliter
572 4015 750 4095 rogarunt
772 4050 785 4093 ,
813 4016 1003 4077 utcontra
1026 3999 1236 4078 ecclesiasti·

233 4147 304 4207 cam
323 4116 583 4206 institutionem
605 4117 708 4199 dere
723 4116 890 4219 incerta,
913 4113 1047 4217 dubia,
1071 4117 1168 4203 imo,
1195 4116 1245 4217 ut'

1112 4230 1237 4310 verius
1302 4242 1306 4259 ¹
