3209 4992
356 483 384 565 ι
757 459 967 568 Ἢ

165 609 166 618 Ν
259 617 261 625 J
358 671 435 738 tom
448 649 675 756 presentibus
695 677 806 756 quam
822 656 981 760 futuris,
1014 644 1111 760 quod
1130 680 1200 764 ego
1216 659 1391 742 frideri-

344 788 416 853 ιιιι
453 770 496 862 b)
531 768 748 893 cognoscens
779 773 904 870 Deum
943 773 1156 875 largitorem
1190 776 1390 854 bonorum

357 881 547 977 omnium,
591 878 1045 985 cujussap1ent1aattrng1t
1068 885 1175 966 aline
1199 887 1357 986 usque
1341 911 1391 966 ιιι

357 999 468 1076 linem
485 993 663 1095 sortiter,
688 1013 725 1076 et
740 997 897 1100 disponit
913 999 1035 1077 omnia
1049 997 1227 1103 suaviter,
1250 1005 1390 1080 volens

347 1084 548 1194 “honorem
560 1110 651 1188 mihi
673 1114 721 1188 ab
737 1114 799 1193 illo
825 1113 1074 1191 concreditum
1096 1111 1146 1190 sic
1171 1113 1387 1226 disponere,

269 1248 271 1267 ¹
357 1239 397 1302 ut
411 1222 451 1302 in
465 1243 509 1300 eo
532 1221 652 1301 eterni
667 1245 775 1321 regni
763 1223 934 1302 lucrum
952 1224 1110 1302 mercari
1134 1227 1291 1323 valeam,
1318 1248 1387 1301 ec-

355 1337 591 1418 clesiaml
523 1342 591 1418 altl
592 1339 842 1440 ircbenscm)
802 1346 842 1438 c)
876 1340 914 1419 in
937 1359 1111 1441 quantum
1134 1344 1181 1419 ad
1203 1364 1264 1418 me
1290 1363 1387 1440 per·

354 1456 477 1553 tinetJ
494 1454 681 1555 religionis
705 1470 742 1533 et
759 1456 955 1534 monastice
980 1455 1166 1558 discipline
1184 1451 1390 1532 institutio·

353 1593 402 1651 ne
418 1567 614 1652 reformari
628 1570 836 1669 procuravi.
862 1569 1002 1650 idcirco
1017 1571 1081 1650 sub
1105 1567 1225 1649 noue
1247 1589 1390 1646 recor-

354 1686 507 1766 dationis
536 1700 642 1784 patre
674 1685 905 1766 cluniacensis
948 1683 1242 1788 congregationis
1265 1680 1388 1774 beato

241 1832 246 1840 ·
354 1806 498 1896 uagom
516 1825 584 1900 per
622 1801 864 1886 internuntios
894 1805 1017 1884 verbis
1046 1819 1082 1883 et
1107 1798 1384 1904 deprecationi-

353 1919 422 1998 bus
439 1915 565 1996 nostris
564 1914 737 2018 ejusdem
756 1913 1051 2022 congreg-abonis
1060 1919 1106 1996 ab
1124 1918 1251 1996 eodem
1268 1933 1386 2030 patre
1437 1995 1442 2022 Ι

354 2036 393 2122 in
414 2033 523 2133 supra
544 2029 642 2112 didio
662 2032 821 2113 Ecclesia
847 2037 1042 2115 monachos
1067 2033 1115 2110 ad
1135 2021 1386 2109 habitandum

269 2148 273 2155 ’
321 2189 324 2193 ·
354 2150 583 2250 suscepimus
610 2150 689 2248 post
704 2148 882 2229 decessum
898 2163 986 2228 vero
1004 2147 1166 2264 eJusdem
1190 2169 1273 2225 cum
1295 2144 1389 2224 suc·.

356 2267 468 2350 ceint
489 2267 584 2345 illius
609 2265 837 2345 Venerabilis
871 2267 1019 2345 Pontius
1044 2257 1156 2342 abbas
1182 2264 1229 2338 ad
1252 2276 1383 2360 partes
1414 2354 1420 2362 ¹

353 2383 489 2466 nostras
516 2383 563 2456 ad
584 2373 741 2458 eundem
770 2382 890 2458 locum
915 2381 1018 2458 cansa
1031 2374 1242 2456 visitationis
1263 2375 1383 2454 adve-

235 2541 239 2550 ·
356 2494 474 2593 nisset,
498 2494 791 2594 prenominatam
812 2493 1007 2574 Ecclcfiam
1019 2489 1277 2590 Alrlircbensem
1291 2513 1382 2592 pre·

288 2693 301 2714 ..
336 2611 598 2712 sentifcripto
624 2613 743 2691 cidens
766 2615 914 2715 abbati,
950 2609 1275 2708 successoribusque
1298 2613 1381 2711 ejus

158 2818 166 2830 ,
253 2746 255 2750 ’
355 2727 615 2818 etcluniacensr
630 2729 846 2808 monasterio
863 2730 902 2809 in
918 2728 1175 2831 subjeilionem
1192 2728 1381 2807 etinobe·

352 2845 527 2929 dientiam
554 2861 591 2922 et
622 2843 887 2926 ordinationem
910 2848 949 2926 in
965 2844 1378 2950 perpetuumfirmavi-
1444 2894 1446 2899 >

341 2969 463 3057 'Jmus
491 2958 548 3034 it'a
571 2976 693 3036 tamen
722 2975 777 3038 ut
788 2959 816 3040 fi
838 2963 928 3041 adeo
951 2964 1052 3039 locus
1070 2959 1250 3056 creverit,
1275 2963 1378 3057 quod

255 3159 272 3172 κ
355 3071 604 3178 congregatio
627 3078 889 3155 monachorum
906 3076 1102 3156 secundum
1119 3095 1284 3151 normam
1293 3077 1378 3156 clu-

186 3229 190 3236 ·
318 3229 323 3235 ·
349 3184 527 3273 niacensrs
546 3186 699 3261 Claustri
717 3188 856 3264 ibidem
873 3192 962 3267 ordo
976 3205 1161 3285 teneatur,
1186 3173 1299 3266 abbas
1316 3189 1375 3270 ibi

351 3302 572 3387 institutione
581 3314 617 3374 et
625 3297 852 3396 drspofitrone
862 3301 1091 3380 cluniacensis
1100 3291 1287 3399 abbatiss
1297 3305 1372 3383 uti-

352 3423 433 3504 litas
454 3421 524 3498 boc
543 3413 721 3517 exegerit
734 3435 972 3515 preponatur.
998 3417 1102 3494 testes
1122 3417 1227 3517 huJ’us
1249 3421 1375 3504 nostre

351 3532 504 3612 allionis
521 3530 599 3608 siun
618 3527 823 3605 isembaldus
837 3532 1045 3630 presbyter,
1066 3533 1145 3607 Azo
1162 3534 1372 3638 presbyter,

343 3639 555 3729 Fridmicus
581 3643 803 3737 advocatus,
829 3644 908 3719 Azo
922 3641 1127 3724 canonicus
1149 3644 1373 3760 Basileensis,

358 3758 541 3837 wernerus
562 3756 742 3842 clericus
769 3755 912 3864 Rembal
898 3761 976 3834 idus
996 3762 1190 3840 advocatus
1210 3762 1372 3863 ejusdem

349 3876 445 3969 loci,
480 3872 621 3962 Rembol
620 3874 686 3948 dur
705 3873 820 3952 miles.
870 3873 1011 3954 Auum
1034 3879 1084 3956 est
1103 3880 1175 3958 hoc
1195 3906 1289 3963 anno
1305 3889 1368 3968 do·

177 3988 180 3999 s
281 3984 308 4085 '¹
351 3990 487 4086 mistice
512 3987 774 4066 incarnationis
816 3989 978 4069 MCXV
1001 3992 1237 4092 presidente
1225 4021 1264 4075 ιιι
1286 4001 1370 4085 sede

249 4168 259 4178 .
352 4095 545 4258 apostoliea
560 4097 721 4197 Pasclalr
704 4101 915 4206 rsetundo,
941 4098 1117 4206 liudolpho
1130 4121 1253 4190 auteur
1264 4113 1371 4214 Epis

1275 4249 1371 4336 copo
