3209 4992
251 477 256 484 ·
330 457 382 536 ee
603 553 605 560 y
716 435 959 545 *w*

296 637 299 646 “
334 647 431 730 rate,
469 633 528 708 vel
549 629 588 709 in
604 631 913 714 sacramentorum
929 632 1102 715 'omnium
1123 631 1364 735 susceptione,

334 745 397 824 seu
411 743 451 820 in
470 745 598 822 ceteris
622 744 831 846 hujusmodi
852 747 1081 847 professionis
1101 748 1279 825 canonice
1297 771 1360 826 re-

223 897 231 914 ·
333 852 464 962 ligioni
480 870 515 930 et
532 855 719 934 stabilitati
746 859 1034 958 congruentibus
1060 856 1210 935 ecclesre
1232 858 1365 936 Vestre

335 996 358 1049 a
374 967 549 1074 prodistis
567 969 879 1071 predecessoribus
905 971 1036 1051 nostris
1070 970 1244 1050 canoniea
1262 973 1366 1072 cqui-

336 1105 417 1166 tate.
431 1083 635 1164 concessum
654 1088 717 1185 est,
743 1109 816 1166 non
839 1087 949 1166 etiam
964 1085 1141 1188 presentis
1160 1087 1286 1186 scripti
1301 1109 1368 1185 pa·

336 1200 424 1303 gina
441 1196 648 1277 stabilimus.
698 1200 763 1278 A'd
779 1201 849 1277 hec
869 1198 1079 1303 adijcientes
1100 1199 1198 1277 circa
1215 1196 1365 1276 cenobii
1444 1306 1445 1309 Ν

241 1350 243 1356 s
294 1415 298 1426 ⁴
335 1310 448 1390 vellri
474 1310 651 1390 ambitum
681 1311 867 1390 occasione
892 1313 1054 1414 qualibet
1076 1305 1243 1388 assultum
1278 1309 1366 1386 fieri
1444 1370 1445 1381 t

202 1461 209 1492 t
288 1440 291 1452 ·
335 1423 586 1528 prohibemus.
639 1420 677 1502 Si
693 1447 797 1520 vero,
824 1430 921 1525 quod
938 1425 1043 1524 abfit,
1067 1423 1107 1504 in
1121 1422 1375 1517 atriovestro,
1444 1444 1445 1455 ¹

336 1538 396 1614 vel
410 1537 448 1614 in
464 1534 638 1616 effusione
656 1536 864 1639 sanguinis,
897 1544 957 1618 vel
968 1540 1010 1618 'in
1026 1539 1227 1648 verberum
1241 1535 1371 1613 clatio-

257 1679 264 1694 ‘
336 1686 416 1760 pe,
455 1653 529 1732 srve
547 1653 584 1732 in
601 1652 721 1754 aliquo
737 1651 944 1754 hujusmodi
964 1656 1178 1734 violentiam
1203 1651 1370 1753 irrogari

204 1775 206 1786 '
336 1776 437 1856 forte
454 1767 672 1872 contigerit,
710 1792 939 1878 nequaqnam
961 1789 1115 1874 propter
1129 1771 1202 1848 hoc
1226 1793 1248 1845 a
1274 1768 1371 1844 dlvi-

337 1889 395 1971 uis
411 1883 570 1965 Ecclefia
590 1881 707 1960 vestra
730 1886 970 1985 prohibeatur
996 1884 1136 1966 officiis.
1184 1886 1301 1964 Porro
1315 1882 1372 1959 la-

338 1999 474 2076 borum
488 1993 706 2092 vestrorum,
728 1994 788 2072 vel
805 1992 1018 2076 animalium
1035 1997 1191 2074 decimas
1209 2018 1280 2095 que
1299 2017 1371 2094 pe·

338 2127 404 2191 nes
434 2107 552 2208 ipsum
579 2109 701 2185 locum
723 2107 851 2188 vestris
879 2108 1083 2215 sumptibus
1111 2128 1149 2189 et
1177 2109 1371 2188 laboribus

339 2221 584 2315 excoluntur,
609 2219 670 2294 vel
689 2219 903 2298 nutriuntur
919 2222 1059 2322 quietas
1073 2219 1179 2298 vobis
1198 2235 1234 2296 et
1249 2219 1373 2294 illiba-

265 2321 291 2356 ”’
338 2351 394 2434 tas
415 2350 566 2408 manere
583 2327 790 2431 censemus,
816 2354 965 2412 necros
987 2333 1095 2436 super
1110 2335 1207 2430 hoc,
1234 2347 1298 2422 aut
1320 2331 1372 2407 ab

338 2444 520 2543 Episcopo
534 2435 536 2439 ’
548 2437 707 2542 ejusdem
731 2443 901 2538 diocesrs‚
934 2465 999 2528 aot
1016 2451 1064 2527 ab
1081 2445 1156 2550 ejus
1176 2445 1373 2550 minimis,

315 2555 401 2668 Αἱἷευ
419 2556 962 2678 parrochialibuspresbiteris
987 2564 1376 2668 inquietari'permit-
1445 2592 1446 2597 ‘

212 2661 238 2740 ’ζ
272 2687 319 2764 ζ’
339 2670 463 2747 timus.
517 2674 710 2752 Connnuni
733 2677 831 2755 enim
858 2678 935 2757 vita
952 2681 1185 2782 viventibus,
1221 2700 1264 2764 ut
1282 2685 1374 2762 bea-

339 2799 398 2862 tus
422 2781 548 2865 scribit
569 2789 754 2882 Gregorius
774 2793 821 2868 ad
839 2793 1070 2888 Augurinum
1084 2799 1373 2881 Contrariorum

294 2909 297 2942 ²
338 2889 577 3002 Episcopum,
599 2904 675 3007 jam
694 2910 739 2986 de
759 2909 938 2992 faciendis
956 2915 1209 3017 porcionibus,
1231 2922 1292 2997 vel
1306 2943 1372 3000 ex-

161 3017 163 3034 ‘
339 3017 502 3098 hibenda
522 3023 767 3122 hospitalitate
792 3046 828 3106 et
844 3034 891 3109 ad
916 3033 1102 3134 implenda
1120 3029 1371 3119 misericordia

313 3137 315 3142 ’
340 3134 445 3212 nobis
464 3135 552 3233 qnid
573 3136 644 3212 erit
669 3143 916 3247 loquendum,
958 3175 1042 3228 cum
1066 3173 1174 3239 omne
1194 3157 1291 3252 quod
1313 3157 1371 3236 su-

339 3252 461 3353 perest
501 3251 541 3329 in
585 3254 695 3333 caufis
736 3261 806 3359 piis
844 3286 889 3339 ac
926 3267 1100 3368 religiosis
1141 3276 1370 3372 erogandum

264 3377 281 3392 ‘
342 3368 403 3446 cst.
464 3367 694 3467 sepulturam
729 3397 875 3476 quoque
904 3380 1012 3480 ipsius
1037 3385 1191 3461 Cenobii
1218 3379 1370 3470 omnin'o

266 3523 269 3527 ·
340 3487 496 3564 liberam
525 3483 593 3564 else
612 3484 837 3590 audimur,
861 3511 1071 3597 uteorum,
1098 3498 1248 3600 quiillic
1270 3500 1373 3602 sepe.

310 3654 317 3662 .
341 3595 411 3706 liri
429 3597 736 3698 deliberaverint,
764 3607 948 3684 devotioni
965 3625 1001 3685 et
1021 3629 1187 3691 extreme
1205 3602 1374 3694 volonta-

340 3708 397 3804 ti,
423 3705 489 3786 nist
508 3708 606 3788 sorte
625 3721 931 3800 excommunicati
948 3722 1043 3821 smt,
1068 3727 1187 3804 nullus
1210 3727 1368 3824 obsrstat.

273 3859 284 3868 =
341 3821 454 3900 Porro
475 3820 655 3924 clericos,
683 3829 762 3932 srve
781 3835 911 3915 Laicos
942 3837 1151 3920 seculariter
1189 3841 1372 3942 viventes,
1442 3930 1447 3940 ,

296 3966 300 3977 “
344 3939 390 4016 ad
422 3941 694 4041 conversionem
720 3948 901 4052 suscipere
927 3959 1059 4038 nullius
1081 3956 1279 4061 Episcopi,
1310 3973 1372 4050 vel

255 4053 260 4065 ‘
343 4047 517 4150 preposrti
537 4058 778 4144 contradictio
798 4062 861 4145 vo's
884 4067 1059 4156 inhibeat.
1126 4071 1164 4150 Si
1182 4072 1262 4173 quis
1277 4100 1369 4183 crgo

1220 4213 1369 4310 presen.
