<?xml version="1.0" encoding="UTF-8"?>
<!DOCTYPE html PUBLIC "-//W3C//DTD XHTML 1.0 Transitional//EN"
    "http://www.w3.org/TR/xhtml1/DTD/xhtml1-transitional.dtd">
<html xmlns="http://www.w3.org/1999/xhtml" xml:lang="en" lang="en">
 <head>
  <title>
</title>
<meta http-equiv="Content-Type" content="text/html;charset=utf-8" />
  <meta name='ocr-system' content='tesseract 3.04.00' />
  <meta name='ocr-capabilities' content='ocr_page ocr_carea ocr_par ocr_line ocrx_word'/>
</head>
<body>
  <div class='ocr_page' id='page_1' title='image "./novasubsidiadip00wrgoog/novasubsidiadip00wrgoog_0474.png"; bbox 0 0 3209 4992; ppageno 0'>
   <div class='ocr_carea' id='block_1_1' title="bbox 315 408 959 559">
    <p class='ocr_par' dir='ltr' id='par_1_1' title="bbox 315 408 959 559">
     <span class='ocr_line' id='line_1_1' title="bbox 315 408 959 559; baseline -0.006 -32"><span class='ocrx_word' id='word_1_1' title='bbox 315 408 506 559; x_wconf 50' lang='lat'><strong>,³85⁸</strong></span> <span class='ocrx_word' id='word_1_2' title='bbox 745 416 959 523; x_wconf 57' lang='lat' dir='ltr'><strong>*m</strong></span> 
     </span>
    </p>
   </div>
   <div class='ocr_carea' id='block_1_2' title="bbox 195 592 1455 3533">
    <p class='ocr_par' dir='ltr' id='par_1_2' title="bbox 195 592 1455 3533">
     <span class='ocr_line' id='line_1_2' title="bbox 338 592 1455 729; baseline 0.002 -28"><span class='ocrx_word' id='word_1_3' title='bbox 338 615 444 703; x_wconf 83' lang='lat' dir='ltr'><strong>modi</strong></span> <span class='ocrx_word' id='word_1_4' title='bbox 457 613 583 727; x_wconf 72' lang='lat' dir='ltr'><strong>facem</strong></span> <span class='ocrx_word' id='word_1_5' title='bbox 599 615 822 717; x_wconf 76' lang='lat' dir='ltr'>denegantes</span> <span class='ocrx_word' id='word_1_6' title='bbox 844 616 942 693; x_wconf 83' lang='lat' dir='ltr'><strong>dcet</strong></span> <span class='ocrx_word' id='word_1_7' title='bbox 957 614 1065 717; x_wconf 90' lang='lat' dir='ltr'><strong>super</strong></span> <span class='ocrx_word' id='word_1_8' title='bbox 1079 602 1159 699; x_wconf 82' lang='lat' dir='ltr'><strong>rata</strong></span> <span class='ocrx_word' id='word_1_9' title='bbox 1174 621 1367 703; x_wconf 87' lang='lat' dir='ltr'><strong>contribu·</strong></span> <span class='ocrx_word' id='word_1_10' title='bbox 1453 592 1455 729; x_wconf 65' lang='grc' dir='ltr'>Ῐ</span> 
     </span>
     <span class='ocr_line' id='line_1_3' title="bbox 336 712 1455 826; baseline 0 -29"><span class='ocrx_word' id='word_1_11' title='bbox 336 717 451 797; x_wconf 81' lang='lat' dir='ltr'><strong>aionis</strong></span> <span class='ocrx_word' id='word_1_12' title='bbox 468 717 625 815; x_wconf 78' lang='lat' dir='ltr'><strong>ejusdem</strong></span> <span class='ocrx_word' id='word_1_13' title='bbox 637 712 730 811; x_wconf 87' lang='lat' dir='ltr'><strong>ipsos</strong></span> <span class='ocrx_word' id='word_1_14' title='bbox 740 712 1106 826; x_wconf 82' lang='lat' dir='ltr'><strong>proportionabiliter</strong></span> <span class='ocrx_word' id='word_1_15' title='bbox 1121 722 1365 822; x_wconf 82' lang='lat' dir='ltr'><strong>contingente</strong></span> <span class='ocrx_word' id='word_1_16' title='bbox 1453 784 1455 797; x_wconf 83' lang='grc'><strong>.</strong></span> 
     </span>
     <span class='ocr_line' id='line_1_4' title="bbox 334 806 1455 919; baseline -0.002 -28"><span class='ocrx_word' id='word_1_17' title='bbox 334 839 406 901; x_wconf 85' lang='lat' dir='ltr'><strong>nec</strong></span> <span class='ocrx_word' id='word_1_18' title='bbox 422 836 495 889; x_wconf 88' lang='lat' dir='ltr'><strong>non</strong></span> <span class='ocrx_word' id='word_1_19' title='bbox 511 812 675 910; x_wconf 76' lang='lat' dir='ltr'><strong>dampnis</strong></span> <span class='ocrx_word' id='word_1_20' title='bbox 695 828 732 887; x_wconf 93' lang='lat' dir='ltr'><strong>et</strong></span> <span class='ocrx_word' id='word_1_21' title='bbox 745 808 912 902; x_wconf 77' lang='lat' dir='ltr'><strong>interesse</strong></span> <span class='ocrx_word' id='word_1_22' title='bbox 926 810 1086 913; x_wconf 87' lang='lat' dir='ltr'><strong>ejusdem</strong></span> <span class='ocrx_word' id='word_1_23' title='bbox 1108 820 1363 919; x_wconf 81' lang='lat' dir='ltr'><strong>denegationis</strong></span> <span class='ocrx_word' id='word_1_24' title='bbox 1397 904 1400 909; x_wconf 52' lang='grc'>,</span> <span class='ocrx_word' id='word_1_25' title='bbox 1453 806 1455 889; x_wconf 91' lang='lat' dir='ltr'><strong>l</strong></span> 
     </span>
     <span class='ocr_line' id='line_1_5' title="bbox 340 906 1365 1011; baseline 0.005 -21"><span class='ocrx_word' id='word_1_26' title='bbox 340 908 527 991; x_wconf 77' lang='lat' dir='ltr'><strong>occasione</strong></span> <span class='ocrx_word' id='word_1_27' title='bbox 544 906 845 1010; x_wconf 86' lang='lat' dir='ltr'><strong>provenientibus</strong></span> <span class='ocrx_word' id='word_1_28' title='bbox 871 915 1150 1011; x_wconf 80' lang='lat' dir='ltr'><strong>quoquomodo</strong></span> <span class='ocrx_word' id='word_1_29' title='bbox 1172 916 1365 995; x_wconf 86' lang='lat' dir='ltr'><strong>reservan-</strong></span> 
     </span>
     <span class='ocr_line' id='line_1_6' title="bbox 336 1005 1361 1108; baseline 0.006 -20"><span class='ocrx_word' id='word_1_30' title='bbox 336 1026 403 1089; x_wconf 83' lang='lat' dir='ltr'><strong>tes·</strong></span> <span class='ocrx_word' id='word_1_31' title='bbox 450 1006 660 1101; x_wconf 59' lang='lat' dir='ltr'><strong>‚Prcleotem</strong></span> <span class='ocrx_word' id='word_1_32' title='bbox 689 1005 812 1102; x_wconf 86' lang='lat' dir='ltr'><strong>itaque</strong></span> <span class='ocrx_word' id='word_1_33' title='bbox 841 1006 978 1108; x_wconf 75' lang='lat' dir='ltr'><strong>bigam,</strong></span> <span class='ocrx_word' id='word_1_34' title='bbox 1013 1008 1183 1089; x_wconf 90' lang='lat' dir='ltr'><strong>unionem</strong></span> <span class='ocrx_word' id='word_1_35' title='bbox 1209 1030 1245 1091; x_wconf 89' lang='lat' dir='ltr'><strong>et</strong></span> <span class='ocrx_word' id='word_1_36' title='bbox 1273 1036 1361 1094; x_wconf 93' lang='lat' dir='ltr'><strong>con·</strong></span> 
     </span>
     <span class='ocr_line' id='line_1_7' title="bbox 333 1100 1359 1206; baseline 0.003 -22"><span class='ocrx_word' id='word_1_37' title='bbox 333 1105 497 1189; x_wconf 86' lang='lat' dir='ltr'><strong>cordiam</strong></span> <span class='ocrx_word' id='word_1_38' title='bbox 529 1127 611 1181; x_wconf 89' lang='lat' dir='ltr'><strong>cum</strong></span> <span class='ocrx_word' id='word_1_39' title='bbox 635 1100 802 1179; x_wconf 88' lang='lat' dir='ltr'><strong>omnibus</strong></span> <span class='ocrx_word' id='word_1_40' title='bbox 833 1121 869 1181; x_wconf 90' lang='lat' dir='ltr'><strong>et</strong></span> <span class='ocrx_word' id='word_1_41' title='bbox 906 1103 1053 1206; x_wconf 78' lang='lat' dir='ltr'><strong>singulis</strong></span> <span class='ocrx_word' id='word_1_42' title='bbox 1083 1106 1152 1185; x_wconf 85' lang='lat' dir='ltr'><strong>suis</strong></span> <span class='ocrx_word' id='word_1_43' title='bbox 1182 1112 1359 1188; x_wconf 84' lang='lat' dir='ltr'><strong>membris</strong></span> 
     </span>
     <span class='ocr_line' id='line_1_8' title="bbox 286 1197 1361 1309; baseline 0 -26"><span class='ocrx_word' id='word_1_44' title='bbox 286 1262 293 1272; x_wconf 80' lang='lat'><em>,</em></span> <span class='ocrx_word' id='word_1_45' title='bbox 333 1201 481 1309; x_wconf 75' lang='lat' dir='ltr'><strong>pundtis</strong></span> <span class='ocrx_word' id='word_1_46' title='bbox 502 1220 539 1279; x_wconf 89' lang='lat' dir='ltr'><strong>et</strong></span> <span class='ocrx_word' id='word_1_47' title='bbox 552 1197 713 1278; x_wconf 91' lang='lat' dir='ltr'><strong>articulis</strong></span> <span class='ocrx_word' id='word_1_48' title='bbox 739 1217 776 1276; x_wconf 87' lang='lat' dir='ltr'><strong>et</strong></span> <span class='ocrx_word' id='word_1_49' title='bbox 799 1222 926 1279; x_wconf 87' lang='lat' dir='ltr'><strong>eorum</strong></span> <span class='ocrx_word' id='word_1_50' title='bbox 959 1201 1148 1301; x_wconf 89' lang='lat' dir='ltr'><strong>quodlibet</strong></span> <span class='ocrx_word' id='word_1_51' title='bbox 1178 1208 1361 1306; x_wconf 85' lang='lat' dir='ltr'><strong>generali-</strong></span> 
     </span>
     <span class='ocr_line' id='line_1_9' title="bbox 332 1297 1358 1397; baseline 0 -14"><span class='ocrx_word' id='word_1_52' title='bbox 332 1318 392 1383; x_wconf 87' lang='lat' dir='ltr'><strong>ter</strong></span> <span class='ocrx_word' id='word_1_53' title='bbox 409 1315 445 1379; x_wconf 91' lang='lat' dir='ltr'><strong>et</strong></span> <span class='ocrx_word' id='word_1_54' title='bbox 460 1300 497 1376; x_wconf 93' lang='lat' dir='ltr'><strong>in</strong></span> <span class='ocrx_word' id='word_1_55' title='bbox 514 1298 632 1397; x_wconf 88' lang='lat' dir='ltr'><strong>specie</strong></span> <span class='ocrx_word' id='word_1_56' title='bbox 649 1298 727 1374; x_wconf 92' lang='lat' dir='ltr'><strong>Nos</strong></span> <span class='ocrx_word' id='word_1_57' title='bbox 740 1297 922 1391; x_wconf 68' lang='lat' dir='ltr'><strong>Abbates</strong></span> <span class='ocrx_word' id='word_1_58' title='bbox 949 1299 1091 1376; x_wconf 91' lang='lat' dir='ltr'><strong>Decani</strong></span> <span class='ocrx_word' id='word_1_59' title='bbox 1101 1316 1136 1377; x_wconf 84' lang='lat' dir='ltr'><strong>et</strong></span> <span class='ocrx_word' id='word_1_60' title='bbox 1145 1304 1358 1383; x_wconf 88' lang='lat' dir='ltr'><strong>Conventus</strong></span> 
     </span>
     <span class='ocr_line' id='line_1_10' title="bbox 331 1391 1359 1495; baseline 0 -16"><span class='ocrx_word' id='word_1_61' title='bbox 331 1418 371 1479; x_wconf 84' lang='lat' dir='ltr'><strong>et</strong></span> <span class='ocrx_word' id='word_1_62' title='bbox 390 1397 558 1495; x_wconf 82' lang='lat' dir='ltr'><strong>capitula</strong></span> <span class='ocrx_word' id='word_1_63' title='bbox 577 1391 775 1495; x_wconf 73' lang='lat' dir='ltr'><strong>sopradicti</strong></span> <span class='ocrx_word' id='word_1_64' title='bbox 790 1394 1020 1493; x_wconf 85' lang='lat' dir='ltr'><strong>promilimus</strong></span> <span class='ocrx_word' id='word_1_65' title='bbox 1043 1418 1086 1472; x_wconf 91' lang='lat' dir='ltr'><strong>ac</strong></span> <span class='ocrx_word' id='word_1_66' title='bbox 1109 1400 1359 1495; x_wconf 85' lang='lat' dir='ltr'><strong>promittimus</strong></span> 
     </span>
     <span class='ocr_line' id='line_1_11' title="bbox 316 1491 1358 1596; baseline 0 -21"><span class='ocrx_word' id='word_1_67' title='bbox 316 1493 370 1582; x_wconf 65' lang='lat' dir='ltr'><strong>,in</strong></span> <span class='ocrx_word' id='word_1_68' title='bbox 393 1495 460 1592; x_wconf 82' lang='lat' dir='ltr'><strong>hijs</strong></span> <span class='ocrx_word' id='word_1_69' title='bbox 475 1492 617 1592; x_wconf 80' lang='lat' dir='ltr'><strong>scriptIs</strong></span> <span class='ocrx_word' id='word_1_70' title='bbox 635 1512 704 1590; x_wconf 83' lang='lat' dir='ltr'><strong>per</strong></span> <span class='ocrx_word' id='word_1_71' title='bbox 719 1492 809 1569; x_wconf 80' lang='lat' dir='ltr'><strong>fides</strong></span> <span class='ocrx_word' id='word_1_72' title='bbox 825 1492 960 1570; x_wconf 86' lang='lat' dir='ltr'><strong>nostras</strong></span> <span class='ocrx_word' id='word_1_73' title='bbox 975 1508 1012 1569; x_wconf 91' lang='lat' dir='ltr'><strong>et</strong></span> <span class='ocrx_word' id='word_1_74' title='bbox 1032 1491 1287 1574; x_wconf 86' lang='lat' dir='ltr'><strong>nichilominus</strong></span> <span class='ocrx_word' id='word_1_75' title='bbox 1296 1497 1358 1596; x_wconf 91' lang='lat' dir='ltr'><strong>ju·</strong></span> 
     </span>
     <span class='ocr_line' id='line_1_12' title="bbox 333 1582 1359 1693; baseline -0.002 -19"><span class='ocrx_word' id='word_1_76' title='bbox 333 1591 497 1675; x_wconf 84' lang='lat' dir='ltr'><strong>ravimus</strong></span> <span class='ocrx_word' id='word_1_77' title='bbox 516 1592 562 1668; x_wconf 88' lang='lat' dir='ltr'><strong>ad</strong></span> <span class='ocrx_word' id='word_1_78' title='bbox 576 1582 697 1667; x_wconf 70' lang='lat' dir='ltr'><strong>sanna</strong></span> <span class='ocrx_word' id='word_1_79' title='bbox 711 1586 785 1665; x_wconf 92' lang='lat' dir='ltr'><strong>Dei</strong></span> <span class='ocrx_word' id='word_1_80' title='bbox 801 1588 1003 1693; x_wconf 80' lang='lat' dir='ltr'><strong>Evangelia</strong></span> <span class='ocrx_word' id='word_1_81' title='bbox 1029 1592 1271 1691; x_wconf 79' lang='lat' dir='ltr'><strong>corporaliter</strong></span> <span class='ocrx_word' id='word_1_82' title='bbox 1287 1615 1359 1693; x_wconf 91' lang='lat' dir='ltr'><strong>per</strong></span> 
     </span>
     <span class='ocr_line' id='line_1_13' title="bbox 327 1686 1359 1781; baseline -0.003 -9"><span class='ocrx_word' id='word_1_83' title='bbox 327 1712 395 1772; x_wconf 86' lang='lat' dir='ltr'><strong>nos</strong></span> <span class='ocrx_word' id='word_1_84' title='bbox 416 1686 541 1781; x_wconf 67' lang='lat' dir='ltr'><strong>taeta,</strong></span> <span class='ocrx_word' id='word_1_85' title='bbox 563 1710 639 1772; x_wconf 87' lang='lat' dir='ltr'><strong>nos·</strong></span> <span class='ocrx_word' id='word_1_86' title='bbox 659 1686 795 1762; x_wconf 88' lang='lat' dir='ltr'><strong>debere</strong></span> <span class='ocrx_word' id='word_1_87' title='bbox 820 1701 857 1762; x_wconf 91' lang='lat' dir='ltr'><strong>et</strong></span> <span class='ocrx_word' id='word_1_88' title='bbox 879 1690 973 1764; x_wconf 90' lang='lat' dir='ltr'><strong>velle</strong></span> <span class='ocrx_word' id='word_1_89' title='bbox 998 1687 1102 1764; x_wconf 90' lang='lat' dir='ltr'><strong>nobis</strong></span> <span class='ocrx_word' id='word_1_90' title='bbox 1125 1690 1170 1763; x_wconf 89' lang='lat' dir='ltr'><strong>ad</strong></span> <span class='ocrx_word' id='word_1_91' title='bbox 1196 1688 1359 1781; x_wconf 80' lang='lat' dir='ltr'><strong>invicem</strong></span> 
     </span>
     <span class='ocr_line' id='line_1_14' title="bbox 332 1784 1360 1875; baseline 0 -10"><span class='ocrx_word' id='word_1_92' title='bbox 332 1786 594 1875; x_wconf 82' lang='lat' dir='ltr'><strong>inviolabiliter</strong></span> <span class='ocrx_word' id='word_1_93' title='bbox 624 1784 819 1861; x_wconf 84' lang='lat' dir='ltr'><strong>observare</strong></span> <span class='ocrx_word' id='word_1_94' title='bbox 832 1800 870 1863; x_wconf 87' lang='lat' dir='ltr'><strong>et</strong></span> <span class='ocrx_word' id='word_1_95' title='bbox 889 1784 1047 1863; x_wconf 85' lang='lat' dir='ltr'><strong>fideliter</strong></span> <span class='ocrx_word' id='word_1_96' title='bbox 1073 1788 1261 1865; x_wconf 83' lang='lat' dir='ltr'><strong>attendere</strong></span> <span class='ocrx_word' id='word_1_97' title='bbox 1288 1812 1360 1865; x_wconf 90' lang='lat' dir='ltr'><strong>nec</strong></span> 
     </span>
     <span class='ocr_line' id='line_1_15' title="bbox 334 1878 1455 1980; baseline 0.002 -19"><span class='ocrx_word' id='word_1_98' title='bbox 334 1878 374 1963; x_wconf 91' lang='lat' dir='ltr'><strong>in</strong></span> <span class='ocrx_word' id='word_1_99' title='bbox 389 1882 512 1980; x_wconf 85' lang='lat' dir='ltr'><strong>aliquo</strong></span> <span class='ocrx_word' id='word_1_100' title='bbox 538 1879 796 1961; x_wconf 84' lang='lat' dir='ltr'><strong>contravenire</strong></span> <span class='ocrx_word' id='word_1_101' title='bbox 814 1881 932 1959; x_wconf 87' lang='lat' dir='ltr'><strong>verbo</strong></span> <span class='ocrx_word' id='word_1_102' title='bbox 955 1883 1014 1959; x_wconf 87' lang='lat' dir='ltr'><strong>vel</strong></span> <span class='ocrx_word' id='word_1_103' title='bbox 1032 1878 1133 1959; x_wconf 69' lang='lat' dir='ltr'><strong>ladio</strong></span> <span class='ocrx_word' id='word_1_104' title='bbox 1147 1881 1288 1964; x_wconf 66' lang='lat' dir='ltr'><strong>direkle</strong></span> <span class='ocrx_word' id='word_1_105' title='bbox 1299 1884 1362 1963; x_wconf 89' lang='lat' dir='ltr'><strong>vel</strong></span> <span class='ocrx_word' id='word_1_106' title='bbox 1454 1946 1455 1977; x_wconf 31' lang='lat' dir='ltr'><strong>p</strong></span> 
     </span>
     <span class='ocr_line' id='line_1_16' title="bbox 334 1974 1361 2078; baseline 0.003 -19"><span class='ocrx_word' id='word_1_107' title='bbox 334 1977 533 2072; x_wconf 67' lang='lat' dir='ltr'><strong>indrede,</strong></span> <span class='ocrx_word' id='word_1_108' title='bbox 560 1976 706 2078; x_wconf 86' lang='lat' dir='ltr'><strong>publice</strong></span> <span class='ocrx_word' id='word_1_109' title='bbox 721 1977 780 2054; x_wconf 90' lang='lat' dir='ltr'><strong>vel</strong></span> <span class='ocrx_word' id='word_1_110' title='bbox 801 1980 962 2069; x_wconf 83' lang='lat' dir='ltr'><strong>occulte,</strong></span> <span class='ocrx_word' id='word_1_111' title='bbox 986 1974 1278 2059; x_wconf 80' lang='lat' dir='ltr'><strong>irremilirbiliter</strong></span> <span class='ocrx_word' id='word_1_112' title='bbox 1297 2003 1361 2061; x_wconf 84' lang='lat' dir='ltr'><strong>ar·</strong></span> 
     </span>
     <span class='ocr_line' id='line_1_17' title="bbox 305 2074 1455 2179; baseline 0.002 -21"><span class='ocrx_word' id='word_1_113' title='bbox 305 2165 308 2172; x_wconf 53' lang='grc'><strong>,</strong></span> <span class='ocrx_word' id='word_1_114' title='bbox 323 2079 513 2179; x_wconf 61' lang='grc' dir='ltr'><strong>ο1&gt;ἱῐι·ευιεεε</strong></span> <span class='ocrx_word' id='word_1_115' title='bbox 531 2077 569 2152; x_wconf 89' lang='lat' dir='ltr'><strong>in</strong></span> <span class='ocrx_word' id='word_1_116' title='bbox 586 2097 650 2154; x_wconf 90' lang='lat' dir='ltr'><strong>nos</strong></span> <span class='ocrx_word' id='word_1_117' title='bbox 665 2092 702 2153; x_wconf 87' lang='lat' dir='ltr'><strong>et</strong></span> <span class='ocrx_word' id='word_1_118' title='bbox 719 2074 880 2155; x_wconf 88' lang='lat' dir='ltr'><strong>nostrum</strong></span> <span class='ocrx_word' id='word_1_119' title='bbox 895 2074 1074 2173; x_wconf 85' lang='lat' dir='ltr'><strong>quoslibet</strong></span> <span class='ocrx_word' id='word_1_120' title='bbox 1084 2077 1143 2151; x_wconf 89' lang='lat' dir='ltr'><strong>vel</strong></span> <span class='ocrx_word' id='word_1_121' title='bbox 1158 2078 1363 2173; x_wconf 81' lang='lat' dir='ltr'><strong>quemlibet</strong></span> <span class='ocrx_word' id='word_1_122' title='bbox 1454 2112 1455 2119; x_wconf 16' lang='grc' dir='ltr'><strong><em>Ν</em></strong></span> 
     </span>
     <span class='ocr_line' id='line_1_18' title="bbox 330 2168 1358 2280; baseline 0 -25"><span class='ocrx_word' id='word_1_123' title='bbox 330 2173 481 2280; x_wconf 77' lang='lat' dir='ltr'><strong>alicujus</strong></span> <span class='ocrx_word' id='word_1_124' title='bbox 498 2168 753 2274; x_wconf 80' lang='lat' dir='ltr'><strong>promillbrum</strong></span> <span class='ocrx_word' id='word_1_125' title='bbox 769 2170 994 2249; x_wconf 87' lang='lat' dir='ltr'><strong>contrarium</strong></span> <span class='ocrx_word' id='word_1_126' title='bbox 1025 2168 1200 2249; x_wconf 85' lang='lat' dir='ltr'><strong>facientes</strong></span> <span class='ocrx_word' id='word_1_127' title='bbox 1221 2196 1358 2270; x_wconf 84' lang='lat' dir='ltr'><strong>penam</strong></span> 
     </span>
     <span class='ocr_line' id='line_1_19' title="bbox 327 2267 1455 2376; baseline 0 -25"><span class='ocrx_word' id='word_1_128' title='bbox 327 2270 484 2376; x_wconf 63' lang='lat' dir='ltr'><strong>perjurii</strong></span> <span class='ocrx_word' id='word_1_129' title='bbox 494 2288 606 2369; x_wconf 74' lang='lat' dir='ltr'><strong>atoue</strong></span> <span class='ocrx_word' id='word_1_130' title='bbox 614 2285 736 2351; x_wconf 83' lang='lat' dir='ltr'><strong>notam</strong></span> <span class='ocrx_word' id='word_1_131' title='bbox 752 2267 905 2369; x_wconf 78' lang='lat' dir='ltr'><strong>infamie</strong></span> <span class='ocrx_word' id='word_1_132' title='bbox 919 2285 955 2343; x_wconf 88' lang='lat' dir='ltr'><strong>et</strong></span> <span class='ocrx_word' id='word_1_133' title='bbox 970 2271 1068 2368; x_wconf 91' lang='lat' dir='ltr'><strong>quod</strong></span> <span class='ocrx_word' id='word_1_134' title='bbox 1079 2285 1251 2368; x_wconf 85' lang='lat' dir='ltr'><strong>tanquam</strong></span> <span class='ocrx_word' id='word_1_135' title='bbox 1265 2274 1357 2351; x_wconf 83' lang='lat' dir='ltr'><strong>tales</strong></span> <span class='ocrx_word' id='word_1_136' title='bbox 1380 2325 1382 2335; x_wconf 85' lang='lat'>·</span> <span class='ocrx_word' id='word_1_137' title='bbox 1454 2322 1455 2327; x_wconf 20' lang='grc' dir='ltr'><strong><em>κ</em></strong></span> 
     </span>
     <span class='ocr_line' id='line_1_20' title="bbox 329 2360 1356 2473; baseline -0.002 -24"><span class='ocrx_word' id='word_1_138' title='bbox 329 2369 709 2473; x_wconf 82' lang='lat' dir='ltr'><strong>perjurividebuotur</strong></span> <span class='ocrx_word' id='word_1_139' title='bbox 728 2383 766 2443; x_wconf 88' lang='lat' dir='ltr'><strong>et</strong></span> <span class='ocrx_word' id='word_1_140' title='bbox 782 2360 1068 2443; x_wconf 86' lang='lat' dir='ltr'><strong>infameravoce</strong></span> <span class='ocrx_word' id='word_1_141' title='bbox 1087 2385 1123 2444; x_wconf 89' lang='lat' dir='ltr'><strong>et</strong></span> <span class='ocrx_word' id='word_1_142' title='bbox 1139 2364 1356 2455; x_wconf 67' lang='lat' dir='ltr'><strong>traflatibus</strong></span> 
     </span>
     <span class='ocr_line' id='line_1_21' title="bbox 207 2460 1358 2637; baseline -0.005 -88"><span class='ocrx_word' id='word_1_143' title='bbox 207 2546 210 2549; x_wconf 78' lang='grc'><em>,</em></span> <span class='ocrx_word' id='word_1_144' title='bbox 335 2464 606 2573; x_wconf 82' lang='lat' dir='ltr'><strong>capitularibus</strong></span> <span class='ocrx_word' id='word_1_145' title='bbox 617 2460 1133 2637; x_wconf 61' lang='lat' dir='ltr'><strong>etaclericonlcrrdopmims</strong></span> <span class='ocrx_word' id='word_1_146' title='bbox 1159 2464 1358 2543; x_wconf 85' lang='lat' dir='ltr'><strong>excludan-</strong></span> 
     </span>
     <span class='ocr_line' id='line_1_22' title="bbox 329 2559 1358 2659; baseline -0.009 -14"><span class='ocrx_word' id='word_1_147' title='bbox 329 2582 407 2656; x_wconf 85' lang='lat' dir='ltr'><strong>tur,</strong></span> <span class='ocrx_word' id='word_1_148' title='bbox 432 2564 532 2643; x_wconf 92' lang='lat' dir='ltr'><strong>nullo</strong></span> <span class='ocrx_word' id='word_1_149' title='bbox 547 2559 598 2639; x_wconf 84' lang='lat' dir='ltr'><strong>eis</strong></span> <span class='ocrx_word' id='word_1_150' title='bbox 618 2559 881 2658; x_wconf 81' lang='lat' dir='ltr'><strong>desuper‚·qu1</strong></span> <span class='ocrx_word' id='word_1_151' title='bbox 899 2559 969 2637; x_wconf 85' lang='lat' dir='ltr'><strong>hoc</strong></span> <span class='ocrx_word' id='word_1_152' title='bbox 1004 2575 1144 2657; x_wconf 80' lang='lat' dir='ltr'><strong>ecermt</strong></span> <span class='ocrx_word' id='word_1_153' title='bbox 1202 2561 1358 2659; x_wconf 88' lang='lat' dir='ltr'><strong>privile·</strong></span> 
     </span>
     <span class='ocr_line' id='line_1_23' title="bbox 326 2610 1356 2783; baseline -0.002 -44"><span class='ocrx_word' id='word_1_154' title='bbox 326 2664 392 2783; x_wconf 71' lang='lat' dir='ltr'><strong>&#39;gio</strong></span> <span class='ocrx_word' id='word_1_155' title='bbox 408 2663 472 2741; x_wconf 25' lang='lat' dir='ltr'><strong>‘vel</strong></span> <span class='ocrx_word' id='word_1_156' title='bbox 488 2658 630 2738; x_wconf 86' lang='lat' dir='ltr'><strong>indulto</strong></span> <span class='ocrx_word' id='word_1_157' title='bbox 644 2673 704 2735; x_wconf 89' lang='lat' dir='ltr'><strong>aut</strong></span> <span class='ocrx_word' id='word_1_158' title='bbox 716 2656 846 2753; x_wconf 80' lang='lat' dir='ltr'><strong>quovis</strong></span> <span class='ocrx_word' id='word_1_159' title='bbox 860 2643 1027 2754; x_wconf 76' lang='lat' dir='ltr'><strong>aliojuris</strong></span> <span class='ocrx_word' id='word_1_160' title='bbox 1038 2658 1095 2733; x_wconf 87' lang='lat' dir='ltr'><strong>vel</strong></span> <span class='ocrx_word' id='word_1_161' title='bbox 1110 2610 1202 2734; x_wconf 59' lang='lat' dir='ltr'><strong>fagli</strong></span> <span class='ocrx_word' id='word_1_162' title='bbox 1217 2658 1356 2737; x_wconf 84' lang='lat' dir='ltr'><strong>auxilio</strong></span> 
     </span>
     <span class='ocr_line' id='line_1_24' title="bbox 328 2748 1356 2855; baseline -0.004 -18"><span class='ocrx_word' id='word_1_163' title='bbox 328 2784 373 2850; x_wconf 79' lang='lat' dir='ltr'><strong>sp</strong></span> <span class='ocrx_word' id='word_1_164' title='bbox 393 2756 619 2837; x_wconf 84' lang='lat' dir='ltr'><strong>contrarium</strong></span> <span class='ocrx_word' id='word_1_165' title='bbox 642 2748 875 2855; x_wconf 81' lang='lat' dir='ltr'><strong>suffragante.</strong></span> <span class='ocrx_word' id='word_1_166' title='bbox 938 2754 980 2830; x_wconf 87' lang='lat' dir='ltr'><strong>ln</strong></span> <span class='ocrx_word' id='word_1_167' title='bbox 1006 2772 1160 2850; x_wconf 86' lang='lat' dir='ltr'><strong>quorum</strong></span> <span class='ocrx_word' id='word_1_168' title='bbox 1189 2754 1356 2833; x_wconf 84' lang='lat' dir='ltr'><strong>omnium</strong></span> 
     </span>
     <span class='ocr_line' id='line_1_25' title="bbox 328 2848 1454 2948; baseline -0.016 -11"><span class='ocrx_word' id='word_1_169' title='bbox 328 2857 480 2939; x_wconf 88' lang='lat' dir='ltr'><strong>evidens</strong></span> <span class='ocrx_word' id='word_1_170' title='bbox 508 2852 752 2930; x_wconf 86' lang='lat' dir='ltr'><strong>testimonium</strong></span> <span class='ocrx_word' id='word_1_171' title='bbox 775 2852 851 2927; x_wconf 89' lang='lat' dir='ltr'><strong>Nos</strong></span> <span class='ocrx_word' id='word_1_172' title='bbox 877 2848 1043 2927; x_wconf 90' lang='lat' dir='ltr'><strong>Abbates</strong></span> <span class='ocrx_word' id='word_1_173' title='bbox 1065 2848 1190 2948; x_wconf 75' lang='lat' dir='ltr'><strong>¹sigilla</strong></span> <span class='ocrx_word' id='word_1_174' title='bbox 1218 2852 1356 2948; x_wconf 84' lang='lat' dir='ltr'><strong>nostra,</strong></span> <span class='ocrx_word' id='word_1_175' title='bbox 1453 2908 1454 2919; x_wconf 24' lang='lat' dir='ltr'><strong>n</strong></span> 
     </span>
     <span class='ocr_line' id='line_1_26' title="bbox 328 2942 1358 3052; baseline -0.004 -23"><span class='ocrx_word' id='word_1_176' title='bbox 328 2958 482 3052; x_wconf 81' lang='lat' dir='ltr'><strong>Nosque</strong></span> <span class='ocrx_word' id='word_1_177' title='bbox 501 2966 700 3031; x_wconf 79' lang='lat' dir='ltr'><strong>conventus</strong></span> <span class='ocrx_word' id='word_1_178' title='bbox 718 2942 876 3047; x_wconf 70' lang='lat' dir='ltr'><strong>predidli</strong></span> <span class='ocrx_word' id='word_1_179' title='bbox 891 2946 1000 3021; x_wconf 90' lang='lat' dir='ltr'><strong>etiarn</strong></span> <span class='ocrx_word' id='word_1_180' title='bbox 1011 2946 1182 3025; x_wconf 81' lang='lat' dir='ltr'><strong>nostrane</strong></span> <span class='ocrx_word' id='word_1_181' title='bbox 1200 2970 1264 3024; x_wconf 91' lang='lat' dir='ltr'><strong>nos</strong></span> <span class='ocrx_word' id='word_1_182' title='bbox 1276 2950 1358 3025; x_wconf 89' lang='lat' dir='ltr'><strong>De-</strong></span> 
     </span>
     <span class='ocr_line' id='line_1_27' title="bbox 331 3040 1454 3147; baseline 0.001 -19"><span class='ocrx_word' id='word_1_183' title='bbox 331 3050 461 3136; x_wconf 76' lang='lat' dir='ltr'><strong>caniet</strong></span> <span class='ocrx_word' id='word_1_184' title='bbox 471 3047 638 3144; x_wconf 76' lang='lat' dir='ltr'><strong>capitula</strong></span> <span class='ocrx_word' id='word_1_185' title='bbox 652 3041 982 3147; x_wconf 76' lang='lat' dir='ltr'><strong>supradidlioostra</strong></span> <span class='ocrx_word' id='word_1_186' title='bbox 998 3040 1112 3142; x_wconf 77' lang='lat' dir='ltr'><strong>sigilla</strong></span> <span class='ocrx_word' id='word_1_187' title='bbox 1127 3043 1358 3142; x_wconf 87' lang='lat' dir='ltr'><strong>presentibus</strong></span> <span class='ocrx_word' id='word_1_188' title='bbox 1453 3090 1454 3129; x_wconf 79' lang='lat' dir='ltr'><strong>l</strong></span> 
     </span>
     <span class='ocr_line' id='line_1_28' title="bbox 330 3138 1454 3241; baseline -0.01 -13"><span class='ocrx_word' id='word_1_189' title='bbox 330 3146 501 3228; x_wconf 86' lang='lat' dir='ltr'><strong>duximus</strong></span> <span class='ocrx_word' id='word_1_190' title='bbox 519 3142 770 3241; x_wconf 86' lang='lat' dir='ltr'><strong>appendenda.</strong></span> <span class='ocrx_word' id='word_1_191' title='bbox 824 3138 965 3217; x_wconf 69' lang='lat' dir='ltr'><strong>Adlum</strong></span> <span class='ocrx_word' id='word_1_192' title='bbox 986 3156 1022 3217; x_wconf 91' lang='lat' dir='ltr'><strong>et</strong></span> <span class='ocrx_word' id='word_1_193' title='bbox 1038 3140 1175 3220; x_wconf 89' lang='lat' dir='ltr'><strong>Datum</strong></span> <span class='ocrx_word' id='word_1_194' title='bbox 1198 3139 1237 3218; x_wconf 93' lang='lat' dir='ltr'><strong>in</strong></span> <span class='ocrx_word' id='word_1_195' title='bbox 1264 3141 1378 3218; x_wconf 86' lang='lat' dir='ltr'><strong>civi-.</strong></span> <span class='ocrx_word' id='word_1_196' title='bbox 1453 3140 1454 3233; x_wconf 65' lang='grc' dir='ltr'>ἶ</span> 
     </span>
     <span class='ocr_line' id='line_1_29' title="bbox 195 3236 1454 3341; baseline -0.004 -19"><span class='ocrx_word' id='word_1_197' title='bbox 195 3257 215 3283; x_wconf 74' lang='grc'>”</span> <span class='ocrx_word' id='word_1_198' title='bbox 323 3242 632 3341; x_wconf 82' lang='lat' dir='ltr'><strong>tateNloguntina</strong></span> <span class='ocrx_word' id='word_1_199' title='bbox 649 3238 687 3315; x_wconf 94' lang='lat' dir='ltr'><strong>in</strong></span> <span class='ocrx_word' id='word_1_200' title='bbox 702 3240 782 3315; x_wconf 89' lang='lat' dir='ltr'><strong>loco</strong></span> <span class='ocrx_word' id='word_1_201' title='bbox 800 3236 1006 3335; x_wconf 69' lang='lat' dir='ltr'><strong>capitulari</strong></span> <span class='ocrx_word' id='word_1_202' title='bbox 1025 3236 1183 3321; x_wconf 78' lang='lat' dir='ltr'><strong>Ecclesia</strong></span> <span class='ocrx_word' id='word_1_203' title='bbox 1191 3238 1357 3339; x_wconf 87' lang='lat' dir='ltr'><strong>Mogun-</strong></span> <span class='ocrx_word' id='word_1_204' title='bbox 1453 3242 1454 3295; x_wconf 67' lang='lat' dir='ltr'><strong>l</strong></span> 
     </span>
     <span class='ocr_line' id='line_1_30' title="bbox 325 3304 1454 3437; baseline -0.006 -16"><span class='ocrx_word' id='word_1_205' title='bbox 325 3344 403 3422; x_wconf 74' lang='lat' dir='ltr'><strong>one</strong></span> <span class='ocrx_word' id='word_1_206' title='bbox 420 3339 530 3416; x_wconf 72' lang='lat' dir='ltr'><strong>Anno</strong></span> <span class='ocrx_word' id='word_1_207' title='bbox 552 3332 918 3415; x_wconf 75' lang='lat' dir='ltr'><strong>nommmnremo</strong></span> <span class='ocrx_word' id='word_1_208' title='bbox 947 3334 1109 3425; x_wconf 68' lang='lat' dir='ltr'><strong>cccix</strong></span> <span class='ocrx_word' id='word_1_209' title='bbox 1139 3334 1294 3437; x_wconf 74' lang='lat' dir='ltr'><strong>sepono</strong></span> <span class='ocrx_word' id='word_1_210' title='bbox 1312 3335 1355 3435; x_wconf 75' lang='lat' dir='ltr'><strong>n</strong></span> <span class='ocrx_word' id='word_1_211' title='bbox 1453 3304 1454 3372; x_wconf 79' lang='lat' dir='ltr'><strong>l</strong></span> 
     </span>
     <span class='ocr_line' id='line_1_31' title="bbox 288 3427 1058 3533; baseline -0.004 -25"><span class='ocrx_word' id='word_1_212' title='bbox 288 3498 295 3508; x_wconf 74' lang='grc'>.</span> <span class='ocrx_word' id='word_1_213' title='bbox 328 3433 495 3519; x_wconf 83' lang='lat' dir='ltr'><strong>crailinc</strong></span> <span class='ocrx_word' id='word_1_214' title='bbox 513 3430 611 3511; x_wconf 86' lang='lat' dir='ltr'><strong>beati</strong></span> <span class='ocrx_word' id='word_1_215' title='bbox 625 3429 762 3511; x_wconf 67' lang='lat' dir='ltr'><strong>Maelio</strong></span> <span class='ocrx_word' id='word_1_216' title='bbox 779 3427 961 3533; x_wconf 85' lang='lat' dir='ltr'><strong>Apostoli.</strong></span> <span class='ocrx_word' id='word_1_217' title='bbox 1011 3504 1016 3511; x_wconf 86' lang='grc'>,</span> <span class='ocrx_word' id='word_1_218' title='bbox 1054 3513 1058 3519; x_wconf 52' lang='grc'>,</span> 
     </span>
    </p>
   </div>
   <div class='ocr_carea' id='block_1_3' title="bbox 423 3577 587 3667">
    <p class='ocr_par' dir='ltr' id='par_1_3' title="bbox 423 3577 587 3667">
     <span class='ocr_line' id='line_1_32' title="bbox 423 3577 587 3667; baseline -0.03 -10"><span class='ocrx_word' id='word_1_219' title='bbox 423 3577 587 3667; x_wconf 71' lang='lat' dir='ltr'><strong>as.febr.&#39;</strong></span> 
     </span>
    </p>
   </div>
   <div class='ocr_carea' id='block_1_4' title="bbox 0 0 1610 4992">
    <p class='ocr_par' dir='ltr' id='par_1_4' title="bbox 0 0 1610 4992">
     <span class='ocr_line' id='line_1_33' title="bbox 0 0 1610 4992; baseline 0 3"><span class='ocrx_word' id='word_1_220' title='bbox 0 0 1610 4992; x_wconf 95' lang='lat' dir='ltr'><strong> </strong></span> 
     </span>
    </p>
   </div>
  </div>
 </body>
</html>
