3209 4992
204 592 293 679 tatis
321 605 360 673 et
381 584 621 697 sttbjediionis'
642 591 769 671 debite
794 600 992 673 teneantur
1020 600 1059 675 et
1078 590 1235 681 debeant

204 711 371 815 prestare
392 708 583 791 etfacere
611 706 818 809 corporalia
826 702 1063 809 juramentm
1077 708 1235 815 Supple·

205 826 264 906 vit
297 824 409 905 etiam
438 820 629 927 prensans
655 822 841 902 Dominus
874 823 996 903 noster
1025 818 1234 926 Imperator

205 961 353 1018 omnem
369 938 557 1021 defedlum
574 935 682 1038 siquis
704 934 743 1013 in
760 934 892 1015 litteris
911 950 948 1015 et
961 934 1164 1043 privilegijs
1180 942 1236 1023 dl-

207 1051 355 1133 clorum
373 1052 624 1155 Dominarum
652 1048 900 1131 Dominarum
923 1051 1095 1153 Imperat
1108 1068 1145 1132 et
1158 1056 1235 1135 Re·

205 1193 299 1275 gum
318 1174 474 1275 Roman·
498 1169 678 1254 memorie
697 1170 892 1249 recolende
904 1183 969 1249 aut
993 1169 1104 1251 etiam
1117 1171 1157 1253 in
1173 1196 1232 1264 or·
1332 1190 1335 1202 ¹

207 1288 402 1398 dioacione
416 1289 477 1369 seu
489 1287 648 1369 uadotu
669 1284 761 1366 dicii
782 1285 837 1366 sui
854 1283 1033 1389 genitoris
1059 1286 1122 1385 qui
1147 1313 1234 1375 cum

208 1402 357 1504 prefato
375 1398 538 1483 Domino
554 1401 712 1481 Heirrrico
740 1400 895 1502 septimo
920 1415 958 1479 et
981 1398 1111 1479 urimo
1126 1405 1248 1503 Wra7=
1344 1400 1348 1417 '

209 1517 406 1599 tislavienli
421 1533 459 1597 et
472 1497 748 1605 slestensr'Duce
771 1511 934 1616 babuisse
952 1515 1152 1599 dinoscitur
1169 1520 1234 1603 seu
1304 1596 1306 1601 ,
1411 1584 1416 1591 .

208 1632 249 1711 in
263 1630 587 1711 redimnobilium
600 1630 760 1711 militum
781 1630 957 1711 clientum
976 1628 1111 1715 civium
1126 1632 1234 1714 Inco-
1335 1666 1341 1673 ·

207 1768 331 1851 larum
343 1759 604 1842 Budifl'enerilis
622 1777 660 1842 ct
676 1760 885 1865 gorlicenlls
911 1760 1083 1843 Moschis
1101 1760 1164 1861 qui
1187 1766 1235 1847 ad

209 1896 386 1967 coronam
410 1874 520 1978 ‘regni
542 1876 691 1956 Boemie
717 1892 759 1955 ut
782 1873 1013 1975 premittitur
1039 1894 1088 1952 ex
1119 1871 1235 1953 causus
1278 1871 1282 1879 ’

206 1987 385 2092 legitimis
410 1982 599 2068 rediemnt
631 1992 691 2069 vel
712 1988 752 2067 in
771 1982 969 2069 *consmilis
998 1983 1136 2065 tenoris
1156 1984 1235 2065 srva

208 2097 343 2181 litteris
369 2099 570 2181 verborum
594 2103 640 2180 de
664 2099 765 2181 roua
786 2099 1092 2203 interpretatione
1121 2098 1235 2179 dubia

210 2211 473 2293 sententiarum
489 2212 711 2293 obscuritate
724 2213 783 2290 vel
802 2209 872 2287 alia
897 2208 1022 2309 quavis
1048 2206 1236 2295 occasune
1354 2292 1357 2299 ,

211 2348 424 2432 compertus
444 2330 560 2412 fuerit
583 2332 628 2411 de
644 2348 745 2412 certa
764 2330 827 2411 sua
844 2326 1054 2407 scientiane
1079 2330 1125 2406 de
1149 2348 1235 2429 pre·
1260 2328 1262 2332 ’
1285 2426 1293 2433 ,

212 2442 313 2523 diste
335 2446 538 2545 imperialis
563 2439 1024 2547 plenitudine-potestatis,
1069 2461 1145 2519 non
1164 2437 1240 2518 ob·
1290 2445 1292 2451 ’

210 2557 387 2639 stanuum
400 2560 543 2664 iegibus
560 2556 884 2638 consuetudinibus
900 2550 1021 2633 ufiuus
1042 2550 1250 2637 obsecutur-v

211 2675 272 2779 tijs
284 2672 430 2779 juribus
443 2677 724 2784 municipalibus
739 2677 800 2756 vel
823 2670 1076 2753 communibus
1092 2669 1235 2759 statutis

211 2796 277 2881 stu
300 2794 406 2875 detis
432 2796 589 2899 publicis
610 2798 670 2874 vel
697 2791 851 2897 privatis
877 2788 986 2869 fallis
1006 2802 1044 2867 et
1069 2786 1176 2865 editis
1196 2786 1241 2867 irr

214 2909 437 2989 contrarium
452 2910 728 3012 quibuscunque
741 2926 830 3007 quas
847 2916 885 2987 et
907 2922 979 3004 que
996 2915 1175 3001 quantum
1188 2902 1239 2978 ad

211 3022 285 3103 hec
297 3046 341 3103 ac
356 3025 382 3104 fi
395 3026 610 3106 nominatim
628 3041 666 3103 et
681 3026 726 3101 de
737 3022 853 3102 verbo
866 3032 904 3099 et
918 3014 1239 3129 nobiliumRegnl
1274 3023 1301 3047 '¹
1371 3104 1375 3111 ,

210 3140 418 3251 incolarum
450 3135 589 3221 ibidem
638 3138 850 3241 disponente
881 3132 1047 3239 potentie
1068 3132 1109 3213 in
1135 3149 1240 3216 man·

213 3259 395 3362 quillitate
420 3274 543 3360 optate
559 3257 659 3359 pacis
676 3252 874 3358 Regimine
902 3268 1009 3355 grato
1032 3251 1240 3343 conducere

214 3402 347 3462 amena
370 3377 612 3483 prosperitate
635 3380 835 3483 gaudentes
853 3373 1075 3477 quibuslibet
1095 3390 1241 3457 merca·

213 3500 358 3584 mribus
381 3499 588 3604 peregrinis
610 3497 814 3577 viatoribus
838 3498 878 3572 et'
894 3489 1057 3593 personis
1079 3486 1158 3589 alijs
1177 3489 1248 3572 tut-²
1375 3473 1378 3498 ⁶

213 3637 298 3703 tum
317 3618 492 3700 accessum
513 3620 644 3701 statum
667 3636 705 3699 et
722 3612 912 3695 transitum
934 3611 973 3691 in
997 3609 1109 3689 dubio
1130 3606 1241 3709 palli·

216 3741 349 3819 c'entur
365 3755 406 3816 ut
426 3731 474 3817 e'x
491 3738 564 3815 hoc
587 3760 663 3816 non
684 3733 798 3814 solum
823 3728 914 3809 didii
928 3725 1055 3832 Regni
1073 3723 1129 3807 sui
1146 3724 1251 3803 Boe.

214 3852 292 3932 mie
314 3874 442 3931 verum
473 3852 671 3929 multorum
702 3866 903 3945 regnorum
932 3858 970 3920 et
989 3834 1240 3943 principatum

213 3989 289 4047 nec
308 3958 384 4045 non
400 3963 605 4068 reipublice
635 3961 825 4039 commoda
851 3956 1024 4037 continua
1052 3950 1237 4053 prosperi·

214 4101 294 4170 tate
308 4099 535 4195 augeantur,
559 4082 716 4183 ideoque
735 4076 901 4181 prefatus
917 4072 1100 4161 Dominus
1120 4068 1242 4151 noster

1164 4198 1241 4289 on·
1282 4267 1296 4301 .
