3209 4992
320 418 393 499 ¹⁶8
479 509 482 519 ,
599 404 602 419 “
735 402 947 510 m
1134 397 1136 404 ’

185 622 190 639 ’
320 602 417 685 livit.
441 600 613 707 (seqnitur
633 602 763 704 [bama
780 540 1170 703 fhnasationiscunonis
1193 592 1347 695 egeas.

304 718 432 821 ,denfis
448 708 584 819 episcopi
602 718 687 797 anni
706 742 808 813 ¹¹25·
828 718 939 829 [upra
952 714 1096 816 relata)

371 898 375 902 -
398 846 554 925 Proinde
571 838 709 946 dilapsu
730 849 928 950 temporis,
963 872 1061 927 anno
1085 845 1345 935 incarnationis

325 957 798 1065 Dominice‘lllCXXlllll.
827 960 1029 1039 indislione
1047 960 1113 1059 ll,
1167 979 1346 1061 regnante

326 1077 495 1157 Lotla'rso
507 1081 744 1182 imperatore,
769 1080 928 1160 successit
945 1071 1150 1159 venerande
1169 1083 1349 1161 memorie

330 1191 551 1273 Gededcordus
565 1194 774 1307 Episcopus.
826 1198 993 1294 Cumque
1023 1191 1211 1295 predistos
1227 1196 1349 1274 Locus

328 1306 560 1413 remoram,
592 1310 676 1388 Deo
695 1324 913 1409 cooperante
929 1325 966 1387 et
985 1310 1167 1407 bonorum
1182 1308 1351 1389 virorum

197 1430 212 1447 “·
331 1420 449 1501 studio
479 1423 660 1501 insistente
687 1422 728 1500 in
759 1441 900 1503 tantum
928 1421 1111 1525 profecit,
1149 1424 1351 1503 eorundem

334 1534 634 1617 Christicolarum
666 1554 702 1617 et
721 1537 876 1617 aliorum
905 1533 1161 1640 religiosorum
1187 1535 1357 1615 virorum

333 1672 469 1759 rogatu
489 1655 655 1755 prefatus
677 1655 895 1733 Gebebardus
910 1654 1108 1755 Episcopus
1138 1650 1274 1731 intuitu
1298 1653 1357 1731 su·

334 1760 421 1847 turi
434 1766 522 1848 boni
547 1772 703 1849 eundem
728 1772 851 1849 locum
870 1770 975 1866 adiit,
998 1769 1257 1869 inceptumque
1267 1791 1360 1869 prs·

254 1918 255 1925 Ν
335 1885 530 1965 decessoris
546 1888 598 1967 sui
613 1909 681 1988 per
696 1884 1008 1967 consecrationem
1027 1886 1250 1987 solempnem
1267 1911 1358 1969 con·

337 2001 518 2099 firmavit,
543 2002 631 2082 etin
646 2004 723 2104 ipso
738 2002 1017 2081 consecrationis
1037 2001 1099 2079 die
1114 2022 1239 2079 coram
1257 1998 1361 2078 omni

315 2116 575 2225 'multitudine
607 2118 772 2196 virorum
799 2140 845 2194 ac
867 2117 1088 2214 mulierum,
1130 2115 1362 2217 presentibus

338 2230 517 2315 universis
541 2232 680 2309 civibus
704 2237 748 2310 de
772 2233 896 2332 prr’co
915 2248 952 2309 et
969 2232 1168 2327 ramsola,
1203 2233 1251 2306 sd
1270 2256 1364 2330 quo⁴
1434 2289 1435 2298 2

341 2371 427 2429 rum
447 2344 604 2424 diocesin
631 2348 732 2425 loeus
755 2346 871 2424 isdem
891 2348 1006 2424 cultus
1031 2363 1069 2424 et
1092 2346 1250 2424 incultus
1267 2367 1366 2424 eate-

200 2494 202 2503 J
340 2482 412 2537 nus
429 2456 663 2558 pertinebat,
688 2456 822 2536 eisdem
840 2457 1065 2537 convicaneis
1074 2449 1211 2536 'devote
1226 2463 1365 2541 collau-

342 2570 513 2656 dantibus
545 2588 583 2649 et
613 2566 918 2649 consentientibus
943 2579 1012 2669 per
1033 2567 1290 2649 austeritatem
1308 2574 1375 2651 sui.

341 2678 459 2764 banni
473 2680 601 2761 fecere
614 2686 770 2761 eundern
785 2684 906 2759 locum
921 2678 970 2758 src
984 2680 1141 2757 liberum
1157 2698 1193 2759 et
1205 2682 1250 2758 ab
1262 2686 1365 2766 omui

345 2796 539 2881 suessione
556 2799 737 2892 censuali,
770 2796 829 2875 vel
851 2795 1019 2880 decimali
1041 2797 1225 2896 quietum,
1259 2816 1302 2877 ut
1318 2824 1367 2883 ex

346 2915 426 3018 ipsa
445 2916 504 2995 die
519 2932 556 2995 et
571 2916 610 2996 in
626 2918 810 3019 reliquum
827 2919 926 2995 nulla
945 2913 1098 3016 persona
1115 2930 1264 3015 potens,
1295 2918 1368 2996 im·

347 3048 501 3135 potens,
529 3028 725 3129 spiritualis
748 3028 809 3109 seu
829 3028 1021 3123 secularis,
1052 3040 1179 3120 contra
1196 3032 1368 3111 volunta-

347 3150 525 3257 tem·er
539 3148 576 3225 et
601 3143 732 3224 sanetis
749 3146 823 3245 ejus
840 3146 980 3225 ibidem
1000 3148 1196 3226 monastico
1213 3148 1288 3227 ritu
1300 3153 1371 3229 mi

347 3258 532 3347 litantium
558 3256 808 3359 presumeret,
829 3262 966 3363 aliquas
984 3262 1142 3363 ejusdem
1161 3265 1232 3347 loci
1252 3266 1381 3367 perti-o

314 3424 316 3427 ·
350 3376 493 3460 mentius
512 3372 673 3475 ingredi,
699 3377 757 3450 vel
776 3372 1021 3474 imminuere,
1043 3402 1115 3478 quo
1129 3378 1194 3459 sub
1209 3379 1372 3462 testimo

348 3491 416 3571 uio
439 3485 552 3565 totius
575 3485 703 3587 populi
727 3484 962 3586 solempniter
993 3488 1143 3591 perusio
1167 3492 1290 3567 dotata
1317 3492 1370 3570 est

350 3608 479 3683 eadem
500 3604 648 3698 domus,
675 3622 783 3702 quarn
806 3598 1104 3701 consecraverat,
1123 3603 1272 3684 divus
1287 3609 1369 3688 Kal.

351 3711 570 3809 decembris,
594 3714 633 3791 in
651 3712 790 3792 honore
806 3708 928 3793 sanese
938 3715 1009 3791 Dei
1021 3718 1210 3817 genitricis
1227 3736 1269 3799 et
1280 3747 1369 3823 per.

351 3844 485 3935 petrae
502 3822 778 3926 virginisssarr'a
795 3839 833 3903 et
847 3826 1014 3905 omnium
1027 3826 1258 3939 sardorum,
1285 3862 1372 3919 cum

352 3943 484 4025 allodio
510 3943 666 4020 duorum
689 3940 893 4035 laicorum,
930 3966 1086 4043 quorum
1112 3949 1262 4029 nornina
1286 3952 1372 4035 sunt

352 4074 444 4160 haec
459 4066 623 4155 Diraelin
640 4082 677 4147 et
685 4066 894 4169 friedericd,
937 4090 982 4152 ea
996 4042 1171 4161 uidelices
1195 4080 1376 4161 conditio·

475 4212 478 4221 .
1312 4218 1375 4298 ne,
