3209 4992
644 432 857 543 m
1050 430 1058 447 ’
1180 458 1252 534 233
1389 437 1393 445 ’

233 626 420 712 Dominus
441 630 640 713 Frideriuu
661 634 914 715 Romanorum
931 628 1135 734 imperator
1159 632 1252 713 sem·
1296 706 1299 713 .

234 772 309 850 per
331 748 516 849 Augustus
542 748 770 849 predeoeflor
803 749 940 849 prefati
964 751 1116 829 Domini
1138 744 1251 827 nostri

233 860 474 962 Imperatoris
489 865 534 941 de
559 860 732 965 stngulari
758 862 993 965 benignitatis
1018 862 1080 941 sue
1101 878 1254 939 munere

238 976 1255 1080 elarereuordotiooislilustriPrincipiDuminoWadisiao
1357 1011 1360 1037 ι

238 1094 583 1199 quondamuoemte
592 1084 678 1173 duci
688 1093 751 1195 qui
764 1094 1078 1197 regnumiioemie
1093 1109 1175 1169 unte
1191 1111 1254 1167 co·
1304 1085 1307 1088 ’

239 1210 472 1289 rurationem
491 1210 754 1314 suamregebat
766 1199 810 1289 ets
819 1211 888 1289 suis
903 1204 1256 1291 heredibusuoenie

237 1322 400 1421 Regibus
417 1323 563 1402 censum
580 1322 625 1399 de
644 1340 744 1402 tetra
762 1323 909 1403 Polouie
928 1346 1047 1423 quem
1060 1317 1255 1400 autecesso-

240 1464 302 1522 res
330 1437 405 1537 ejuo
424 1437 530 1517 duces
549 1439 704 1519 Boemie.
723 1462 747 1518 a
766 1439 912 1519 Poloniu
935 1439 1056 1519 multis
1080 1436 1256 1534 tempori·
1341 1428 1354 1442 ‘

238 1560 311 1637 bus
330 1557 499 1654 accipere
520 1556 804 1655 consueverunt,
848 1580 1028 1659 quemque
1048 1555 1195 1637 Polouie
1220 1571 1258 1636 et

242 1674 346 1757 slesre
375 1675 497 1753 Duces
530 1674 632 1754 sacro
661 1675 822 1776 Imperio
852 1676 991 1757 solvere
1026 1679 1258 1777 tenebantur,

241 1808 356 1898 prout
377 1791 415 1869 in
436 1790 566 1867 litteris
584 1792 734 1873 Domini
744 1792 917 1871 Friomi
932 1792 1164 1894 Imperatoris
1176 1816 1261 1893 pre·

241 1907 316 1991 fati
337 1904 525 1984 evidenter
541 1906 761 2006 exprimitur
788 1905 990 1988 liberaliter
1015 1908 1161 1987 duxerit
1177 1932 1261 1987 ero·

242 2021 430 2129 gmdutu,
453 2016 519 2117 ipsr
540 2040 684 2117 quoque
701 2019 824 2099 Duces
837 2020 984 2129 i’olonie
999 2037 1037 2099 et
1051 2019 1152 2098 ulesre
1170 2044 1260 2102 euu-

244 2143 330 2219 dem
355 2131 500 2212 censum
523 2130 718 2228 illustribus
743 2133 1041 2237 progenitoribus
1063 2145 1101 2210 et
1125 2131 1286 2233 prede-2
1363 2186 1371 2199 .

243 2249 440 2333 refforibus
469 2245 627 2346 prodibii
656 2248 809 2338 Domini
830 2249 941 2327 nostri
963 2249 1197 2349 Imperatoris
1218 2248 1260 2333 iu
1378 2282 1395 2327 ,ν

244 2378 379 2474 Regno
396 2363 547 2452 Boemie
564 2360 732 2463 ejusdem.
743 2364 850 2468 regni
873 2362 1022 2444 Boemie
1039 2360 1204 2466 Regibus
1220 2364 1261 2445 iu
1324 2343 1327 2368 ¹
1356 2442 1357 2447 a
1377 2431 1381 2443 ,

245 2486 390 2590 iignum
408 2478 648 2581 subjeuiooir
680 2481 809 2564 Jdeuite
838 2481 938 2559 etin
970 2481 1262 2581 recognitionem

244 2604 302 2687 sui
312 2597 516 2701 Superioris
526 2596 677 2676 Domini
692 2597 763 2677 rite
776 2598 1026 2699 persolverunt
1039 2598 1160 2709 multis
1170 2614 1262 2677 tem·
1369 2618 1375 2625 ’

244 2717 401 2826 poribus
415 2730 517 2812 retro
533 2710 638 2811 uotis,
649 2727 773 2794 tamen
788 2714 836 2792 ad
854 2711 1158 2795 habundaneioris
1175 2730 1262 2793 euu-

225 2843 325 2927 ‚tele
340 2834 535 2939 prefiuiom
553 2832 674 2915 traibu
689 2835 864 2934 temporis
883 2834 973 2913 uiui
987 2836 1110 2940 Duces
1127 2832 1264 2913 suohe-

245 2956 380 3037 redum
403 2966 441 3031 et
464 2947 702 3029 successorum
725 2947 870 3028 suorum
890 2948 1036 3029 uomina
1053 2966 1161 3047 utque
1182 2949 1264 3030 vice
1367 3036 1369 3041 ,

246 3068 475 3175 principatus
499 3087 616 3144 terres
640 3086 685 3142 ac
710 3064 870 3144 dominia
885 3062 951 3144 'sua
971 3086 993 3143 a
1012 3066 1108 3143 clare
1124 3088 1264 3143 memo-

245 3181 455 3271 rie-illustri
472 3179 640 3279 principe
648 3178 807 3257 Domino
818 3182 967 3275 johanne
979 3183 1160 3281 quondam
1170 3183 1266 3261 Boe.
1390 3264 1393 3269 ¹

225 3294 326 3376 *mie
347 3296 453 3395 Rege
469 3290 637 3395 genitore
661 3286 749 3369 uiui
769 3291 924 3371 Domini
937 3292 1268 3393 nostrilmperuto-
1306 3378 1311 3387 ,
1347 3310 1357 3340 ”

247 3412 302 3494 ris
324 3413 410 3490 dum
429 3408 570 3485 viveret
587 3421 627 3482 et
642 3406 792 3487 demum
814 3410 860 3487 ab
881 3412 1008 3489 eodem
1022 3412 1182 3493 Domino
1202 3436 1269 3493 no·

249 3526 326 3604 stro
351 3524 577 3621 Imperatore
613 3519 742 3597 Karoto
772 3538 959 3621 tamquam
986 3520 1136 3607 Boemie
1161 3524 1269 3633 Rege

248 3636 397 3742 prefato
413 3633 521 3735 ipnus
541 3632 708 3735 genitore
726 3631 900 3715 defuneto
922 3651 995 3716 eta
1011 3659 1145 3717 corona
1160 3641 1270 3745 regni
1380 3715 1383 3724 .

246 3752 402 3840 Bo‘e‘mie
424 3751 463 3831 io
489 3750 638 3830 feodum
668 3775 753 3833 cum
780 3751 1029 3856 solempnitate
1054 3759 1177 3838 debita
1201 3758 1272 3853 soil
1374 3846 1384 3855 ,

249 3884 431 3974 ceperunt
463 3866 632 3968 dittoque
658 3871 1060 3974 Domino'lmperatori
1088 3898 1132 3955 uc
1160 3877 1271 3980 ipsrur

250 3982 412 4097 genitori
433 3986 518 4062 dum
539 3984 703 4084 vireret,
728 4003 912 4089 tamquam
932 3991 1084 4075 Boemie
1105 3994 1272 4097 Regibus

251 4114 293 4181 et
318 4116 452 4189 eoroue
476 4091 583 4201 regui
602 4096 754 4181 Boemie
774 4098 1011 4203 prestiterunt
1038 4102 1273 4208 solenrpnitet

793 4235 796 4240 ’
819 4225 846 4311 Ρ
872 4248 891 4327 ς
1186 4226 1275 4311 obe-
