3209 4992
1155 380 1161 397 l

585 467 967 570 ‘w'
1168 466 1270 568 ‘87

234 666 458 744 eumanum
474 665 606 772 Comes
629 675 711 748 cum
727 688 844 746 uxore
860 664 922 746 sua
935 652 1065 758 agnete
1115 665 1267 746 Obeuu·

235 800 278 862 te
296 800 334 860 te
349 806 447 861 nunc
461 780 627 884 ejusdem
643 784 712 863 luci
738 783 892 879 abbate,
931 785 989 858 vel
1014 800 1159 860 tuorum
1177 783 1266 879 quo,

234 897 332 974 libet
355 893 613 995 succelliirum,
668 897 786 974 nullus
818 893 1058 994 ibi'qualibet
1093 886 1266 973 violentia

234 1023 491 1107 preponatur,
524 1007 588 1086 trist
609 1030 716 1106 quem
741 1007 926 1085 communi
945 1007 1115 1086 consensu
1131 1005 1265 1084 fratres

234 1143 382 1219 omues,
407 1120 466 1196 vel
488 1133 582 1218 ,pars
601 1121 719 1199 sanior
734 1119 891 1196 fratrum
907 1119 1103 1197 secuudum
1125 1119 1196 1196 Dei
1219 1117 1267 1194 ti-

233 1254 382 1310 morem
402 1248 439 1310 et
454 1232 551 1310 beati
570 1230 742 1310 Benedicti
763 1233 928 1334 regulam
953 1233 1142 1334 elegerint.
1180 1232 1268 1308 Ele·

234 1349 320 1434 &us
337 1366 460 1428 autem
475 1349 522 1429 eb
546 1346 789 1451 argentinenfi
816 1347 1017 1446 Episcopo,
1058 1337 1267 1427 ficetholi·

166 1559 167 1564 Ν
233 1486 303 1541 cus
322 1457 390 1555 est
414 1461 671 1558 consecretur,
697 1457 724 1537 li
747 1459 895 1558 quidem
918 1460 1074 1560 gratiam
1096 1459 1266 1557 apostoli·

230 1599 280 1654 ee
295 1576 388 1656 sedis
404 1578 574 1655 habuerit
591 1591 628 1654 et
645 1599 726 1654 eam
744 1577 848 1652 vobis
865 1577 1002 1675 ubsque
1030 1577 1212 1676 pravitate
1227 1590 1266 1654 et

233 1673 436 1774 exactione
447 1693 624 1771 exhubere
637 1689 808 1770 voluerit
834 1691 1003 1789 alioquin
1011 1700 1264 1792 quemcunque
1315 1690 1323 1710 ⁸

232 1805 448 1882 malueritis
463 1801 693 1882 catholicum
711 1800 1101 1901 adeatisEpil'copum‚
1125 1803 1264 1904 quino·

230 1919 306 1996 stra
327 1915 441 1994 fultus
457 1915 676 1994 auctoritate
696 1916 848 1992 eandem
875 1915 1190 2001 consecrationem
1200 1939 1265 1993 vo·
1376 1952 1380 1959 ¹

230 2035 291 2112 bis
312 2034 498 2114 exhibeat.
565 2032 796 2134 Sepulturam
832 2053 975 2130 quoque
993 2034 1102 2134 ipsius
1122 2035 1193 2111 luci
1218 2034 1264 2110 li·

230 2149 365 2240 berem
388 2143 720 2241 elledeternimus,
750 2161 800 2247 ut
825 2146 995 2224 videlicet
1017 2171 1175 2244 eorum,
1200 2146 1264 2247 qui

229 2267 267 2346 se
287 2267 363 2344 illic
390 2268 532 2368 sepeliri
561 2266 858 2361 deliberaverint,
885 2269 1067 2379 devotioni
1084 2284 1120 2344 et
1136 2269 1264 2368 supre-

228 2381 526 2459 muevoluntatit
552 2379 617 2468 nifi
630 2381 728 2458 forte
744 2382 1052 2459 excommunicati
1073 2380 1156 2475 smt,
1182 2383 1263 2460 nul·

228 2501 288 2576 lus
307 2495 459 2574 obfistat.
518 2498 733 2576 Advocatus
761 2512 883 2572 autem
907 2495 1066 2595 ejusdem
1091 2497 1161 2574 loci
1188 2521 1263 2578 uon

227 2635 303 2712 per
320 2609 478 2712 aliquam
495 2610 707 2691 violentiam
725 2613 974 2698 constituatur,
999 2609 1060 2687 sed
1076 2611 1263 2690 communi
1293 2681 1298 2689 .

225 2729 374 2806 abbatis
385 2746 420 2806 et
431 2727 580 2829 eapttulr
598 2729 798 2824 vuluntate,
823 2727 886 2826 qui
904 2729 1079 2824 etiamr
1055 2725 1080 2804 li
1097 2727 1262 2808 vetrum

162 2904 170 2931 ,.
228 2843 439 2924 Cenobium‘
456 2848 536 2944 plus
550 2839 689 2944 justo
667 2865 711 2919 σι
712 2865 823 2919 avare
841 2843 1012 2938 voluerit,
1030 2844 1141 2920 altum
1152 2859 1262 2940 prout
1391 2936 1396 2947 Ι

226 2958 364 3038 melius
381 2957 496 3036 visum
519 2949 633 3034 suerit
659 2954 820 3057 eligendi
847 2953 950 3032 vobis
973 2957 1092 3033 libera
1113 2958 1261 3038 licentia

228 3085 368 3172 puteat.
407 3067 499 3145 Sane
516 3066 633 3166 ipsum
650 3063 910 3144 monasterium
931 3091 1013 3144 cum
1034 3071 1261 3168 appendiciis

162 3249 168 3260 .
226 3187 303 3270 suis
324 3183 370 3260 ab
398 3179 660 3291 argentinenlis
686 3180 858 3280 Episcopi
883 3179 1162 3283 iurisditlione,¹
1198 3186 1261 3265 seu

227 3298 394 3398 qualibet
415 3297 489 3398 ejus
516 3293 707 3374 exactione
728 3311 848 3373 tutum
865 3293 949 3374 fore
974 3298 1135 3378 santium
1151 3316 1262 3399 etque

225 3421 401 3498 liberum.
433 3420 479 3495 ad
493 3409 668 3498 indicium
685 3433 808 3495 autem
824 3415 928 3515 huJ‘us
941 3408 1137 3518 perceptae
1153 3423 1261 3503 ello·
1333 3444 1338 3452 “

162 3531 164 3548 ’
225 3557 338 3615 mana
355 3533 504 3612 ecclelia
529 3531 731 3630 libertatis,
760 3532 1110 3612 uuum'BiszantIum
1134 3539 1257 3642 nobis,

225 3650 431 3749 nostrisque
456 3648 715 3729 succemribus
734 3649 838 3726 annis
862 3647 1010 3747 lingulis
1032 3648 1258 3753 persolvetis.

226 3767 471 3846 Decemimus
488 3787 578 3866 ergo
598 3779 640 3844 ut
662 3765 752 3844 nulli
771 3762 930 3843 omnino
941 3764 1132 3848 hominum
1150 3771 1260 3856 liceat

224 3874 454 3985 'prefatum
420 3872 1004 3977 cenobiumtemereperturbare,
1019 3895 1081 3955 aut
1090 3877 1165 3980 ejus
1175 3883 1261 3980 poc

225 4001 390 4081 seffiones
412 3968 585 4101 auferre,
636 4004 695 4081 vel
710 4007 849 4082 ablatae
868 4001 1054 4118 retinere,
1078 4009 1258 4107 minuere,

225 4123 287 4206 seu
305 4107 531 4270 quibuslibit
547 4124 719 4206 molestiis
743 4126 918 4230 fatigare,
943 4127 1006 4208 sed
1021 4127 1144 4208 omnia
1164 4127 1260 4207 inte·
1317 4183 1322 4192 -
1420 4087 1439 4138 ³

780 4265 862 4365 F4
1186 4289 1259 4372 gra
1438 4348 1439 4357 Ν
