3209 4992
213 697 218 705 -
294 605 315 770 ι
360 638 551 731 antenor
581 638 715 727 ardrie
742 593 968 750 necessariis
992 643 1237 749 diversrsque
1260 657 1387 749 nego·

164 784 165 803 ι
358 765 433 870 cijs
455 771 694 875 partibusin
708 769 844 856 alienis
863 795 909 853 ac
925 775 1091 856 remotis
1106 772 1316 880 diligenter
1330 773 1388 852 in·

214 929 221 940 ·
334 895 337 898 ’
357 891 561 980 tendimus
582 914 624 982 et
639 922 717 1002 pro
737 922 847 982 nunc
872 895 1119 1006 occupamur
1144 887 1389 1008 quibuslibet

357 1043 404 1108 et
414 1019 574 1134 singulis
596 1023 739 1110 nostris
763 1043 806 1111 et
820 1026 1005 1114 Eccleiie
1022 1027 1156 1116 nostre
1185 1026 1388 1116 antedidie

269 1208 271 1211 -
358 1153 488 1238 causis
518 1177 566 1238 ac
583 1154 777 1262 negocijs
800 1157 1059 1262 personaliter
1091 1152 1389 1258 intereffegnon

354 1278 560 1376 valemus,
588 1279 708 1364 alium
727 1278 799 1366 seu
814 1283 912 1366 alios
933 1285 1052 1368 nobis
1068 1282 1209 1370 fideles
1229 1299 1289 1376 et,
1304 1279 1388 1368 fide

350 1405 501 1516 dignos
516 1407 567 1491 ad
583 1426 693 1493 certa
706 1407 838 1491 nostra
854 1414 1040 1518 negocia,
1069 1435 1122 1495 ne
1138 1377 1388 1520 negligdncia
1440 1441 1441 1444 ‘

308 1587 312 1594 -
353 1533 495 1618 locum
511 1536 661 1639 capiat,
676 1530 681 1536 ’
695 1526 940 1640 deputamus
952 1557 995 1622 er
1018 1542 1112 1647 quia
1133 1538 1185 1622 de
1213 1539 1387 1644 persone
1440 1579 1441 1614 ι

351 1670 429 1748 tue
462 1659 820 1768 circumspefciobe
871 1683 913 1750 et
965 1685 1131 1772 experta
1170 1668 1387 1774 legalitate,
1440 1711 1441 1774 ι

353 1804 476 1933 quam
491 1793 746 1914 experientia
758 1789 937 1876 familiari
952 1793 1158 1878 didicimus
1176 1811 1219 1876 et
1234 1795 1390 1897 proba·

248 1979 252 1984 .
351 1909 509 2014 vimus,
530 1909 657 2022 spem
678 1913 832 2001 formam
847 1937 890 2006 et
919 1917 1144 2003 fiduciam
1132 1944 1174 2002 m
1198 1917 1388 2004 Domino

350 2043 608 2158 singularem
606 2034 802 2132 babentes
819 2071 867 2140 ae
882 2050 1045 2142 indubie
1060 2067 1268 2150 tenentes,
1270 2047 1388 2156 quod

352 2189 405 2260 ea
420 2201 502 2282 que
528 2177 602 2289 ribi
616 2165 904 2292 committimus
918 2177 1089 2265 fideliter
1109 2204 1156 2263 ac
1176 2177 1386 2261 laudabili·

353 2317 418 2394 ter
437 2324 613 2416 exequi
573 2297 754 2406 studeas
771 2322 815 2386 et
828 2283 1006 2405 servare,
1046 2303 1110 2396 Te
1132 2329 1185 2388 ex
1208 2303 1318 2404 'nunc
1343 2305 1386 2386 in

352 2415 473 2555 diesis
484 2431 533 2490 s
489 2421 666 2547 rvi'tate
681 2432 834 2530 diocesi
853 2459 900 2518 ac
904 2435 1122 2563 provincia
1118 2427 1282 2518 nostras
1285 2427 1383 2516 Ma
1441 2525 1442 2548 ζ

264 2564 269 2570 ’
350 2548 507 2672 guntin.
533 2558 584 2646 ad
606 2542 865 2669 infrascripta
880 2547 1100 2682 dumtaxat
1111 2569 1221 2648 omni
1245 2566 1312 2648 via
1330 2577 1384 2648 et

307 2682 481 2818 ,modo
507 2658 655 2795 quibus
687 2691 830 2775 meiius
856 2675 1090 2800 poteramus
1115 2705 1160 2775 et
1182 2693 1383 2778 efficacius
1440 2711 1442 2720 ⁴

350 2805 601 2938 debrumus,
621 2805 867 2933 possumus
845 2838 889 2904 et
903 2814 1139 2928 debemus
1121 2842 1163 2903 ιιι
1185 2843 1385 2928 procura

318 3055 321 3060 .
348 2947 508 3049 torem,
550 2947 824 3062 negociorum
838 2921 940 3049 infra
961 2943 1159 3033 tardorum
1179 2943 1382 3054 gestorem

346 3094 394 3163 et
409 3068 728 3198 Commissarium
745 3071 934 3184 nostrum
947 3069 1172 3189 specialem
1176 3074 1379 3162 ordinavi

345 3226 438 3302 mus
455 3191 636 3286 fecimus
642 3189 685 3284 et
701 3177 1012 3316 deputavimus,
1031 3182 1258 3311 ordinamus
1278 3201 1381 3288 faci·

345 3358 438 3421 mus
454 3349 497 3420 et
511 3316 762 3449 presentibus
775 3326 1031 3442 deputamus,
1043 3333 1247 3432 vrdelrcet,
1253 3321 1378 3480 quod
1419 3383 1421 3390 ι

345 3467 396 3548 'tu
420 3449 543 3548 nostri
568 3478 614 3545 ut
633 3447 873 3568 prefertur
861 3487 903 3545 m
920 3457 1134 3584 absencia,
1173 3462 1307 3574 omnia
1331 3477 1378 3544 et
1403 3541 1413 3552 ,,

343 3569 540 3695 singula
517 3573 651 3689 nostra
671 3579 871 3668 beneficia
901 3603 1036 3670 curata
1063 3603 1210 3670 ernon
1236 3599 1378 3666 curata
1415 3578 1418 3582 ’

342 3714 400 3836 ιιι
410 3688 680 3844 coliacionem
690 3691 867 3798 'nomam
885 3685 1139 3828 spediancia,
1146 3693 1377 3860 qualiacun

247 3929 251 3934 ,
318 3811 567 3952 quereiam
582 3840 754 3942 fuerint,
786 3867 867 3950 que
885 3835 1008 3946 nostri
1028 3859 1106 3954 pro
1123 3833 1285 3932 nuncin
1301 3843 1375 3925 ab
1426 3923 1433 3936 ι,

338 3969 475 4073 sencia
497 3954 643 4057 vacare
674 3973 923 4084 contigerit,
972 3971 1152 4095 personis
1167 3970 1377 4054 habilibus
1405 4051 1432 4067 ,K

334 4103 383 4182 bt
393 4078 567 4203 ydoneis
583 4091 961 4186 rudioritaterioiba
971 4084 1175 4197 conferre,
1187 4094 1376 4304 ipsaquue

617 4248 622 4278 ¹
984 4257 999 4278 ·
1058 4241 1066 4248 ·
1289 4237 1368 4306 tte·
