3209 4992
207 631 376 726 crinea,
397 645 489 727 quae
509 625 644 707 dicitur
666 617 951 716 Oudeleuoiref)
978 633 1017 697 ct
1030 631 1116 701 ante
1130 618 1221 697 civi·

209 728 315 844 tutent
329 748 455 827 Mettis
470 746 614 823 vineam
630 748 749 823 datam
768 742 905 822 nobiru
916 740 1074 846 Domina
1084 740 1224 840 Ospz'rni

208 887 241 949 et
263 865 452 945 venditam
482 882 551 962 pro
582 861 759 940 tredecim
784 858 887 936 libris
917 856 1013 932 illius
1039 873 1223 954 monetae,
1440 928 1441 937 t

209 993 241 1055 et
259 973 655 1074 dedinrus=quindecim
674 974 783 1050 libras
809 967 1072 1071 argentinensrs
1096 993 1224 1072 moue·
1249 998 1253 1006 ¹
1351 1026 1356 1036 .
1440 974 1441 1025 i

210 1111 284 1193 tae,
323 1093 478 1172 ethaeo
503 1088 805 1168 commutavimus
831 1103 1102 1187 proterraque
1121 1088 1170 1164 est
1185 1085 1225 1163 in

165 1255 166 1302 3
210 1209 301 1306 viiia,
329 1229 404 1308 que
427 1205 560 1284 dicitur
577 1204 770 1298 Ingeosreim
791 1207 837 1304 g)
858 1225 942 1279 cum
961 1201 1229 1311 habitatoribus·
1290 1205 1294 1213 '
1440 1272 1442 1303 ,

165 1329 166 1370 ³
210 1325 295 1424 sois,
323 1341 363 1404 et
386 1324 579 1426 procensu
600 1340 637 1401 et
653 1321 895 1399 decimatione
913 1334 949 1395 ct
965 1319 1112 1398 servitio
1132 1319 1244 1422 ejus··
1300 1346 1302 1349 ·
1440 1322 1441 1377 ³

165 1441 166 1532 J
212 1444 288 1520 dem
305 1440 381 1519 loci
398 1437 528 1520 nostri,
563 1436 625 1536 qui
644 1434 779 1512 dicitur
795 1431 1035 1512 Sindelesbere.
1059 1434 1158 1516 faeta
1176 1439 1228 1518 est
1440 1442 1441 1451 '

211 1579 325 1640 autern
338 1559 433 1634 haec
454 1552 603 1632 traditio
620 1568 658 1630 et
676 1549 926 1646 commutatio,
953 1566 994 1630 ut
1011 1552 1118 1652 supra
1133 1553 1230 1632 dixi·
1264 1639 1280 1654 ἣ

214 1698 310 1772 mus,
335 1665 590 1774 peridoneus
623 1665 728 1744 tester
753 1679 790 1754 et
814 1662 1021 1764 probabiles
1045 1672 1231 1769 personas,

213 1785 343 1866 scilicet
372 1805 441 1885 per
462 1782 666 1862 Dominum
700 1783 937 1880 Stephanum,
983 1787 1234 1882 venerabilem

213 1899 385 1986 iettensts
410 1898 501 1976 sedis
519 1897 740 1998 Episcopum
762 1898 807 1988 h)
830 1910 868 1975 et
890 1896 1130 1998 principalem
1151 1929 1232 1987 ma.
1315 1979 1320 1994 ,

213 2015 359 2118 gistrum
379 2014 470 2092 Loci
485 2012 612 2122 nostri,
639 2028 677 2092 ct
696 2035 766 2114 ρει·
779 2010 1161 2094 comitenVomarom
1172 2014 1234 2119 ju-

215 2134 349 2210 niorenr
365 2129 584 2208 *advocatum
599 2124 757 2228 ejusdem
775 2125 954 2225 civitatis,
972 2126 1005 2220 i)
1029 2146 1067 2208 ct
1083 2153 1154 2229 per
1173 2152 1234 2209 co-

216 2246 334 2323 mitem
352 2243 549 2320 {tenatorum
563 2241 719 2349 fratrem
735 2237 872 2352 domiui
882 2241 1070 2324 Mettensrs
1085 2248 1234 2348 Episco-

217 2356 265 2464 pi,
279 2363 310 2460 l)
334 2375 375 2436 ct
393 2378 462 2458 ρει·
482 2355 652 2436 comitem
668 2357 903 2437 Hermammm
923 2374 960 2436 et
972 2384 1042 2460 per
1057 2365 1233 2444 comitem

218 2473 448 2572 Laconicum,
473 2487 511 2550 et
524 2495 592 2574 per
608 2473 781 2555 comitem
802 2475 1038 2556 Theodericum
1056 2482 1102 2560 de
1115 2483 1236 2564 Hune·

219 2593 313 2691 too,
338 2605 380 2668 ct
400 2605 469 2688 pet
490 2589 707 2670 advocatum
738 2594 894 2670 Ottoron
912 2589 1087 2676 seoiorem
1100 2614 1152 2677 -et
1164 2617 1236 2695 ρει·
1267 2666 1270 2670 ,

222 2715 383 2786 &runem
404 2703 448 2778 du
472 2700 692 2779 tardantem
712 2711 767 2802 m)
785 2719 907 2806 et'per
928 2705 1142 2808 Aoffclomm,
1170 2717 1236 2811 qui

166 2838 169 2857 ¹
221 2818 544 2926 cognominabatur
562 2822 718 2918 Stullin,
743 2839 780 2902 et
794 2846 863 2926 ρει
877 2824 1076 2905 Heinrioum
1094 2831 1139 2908 de
1163 2832 1237 2911 Wr-

167 2892 172 3008 Ι
220 2929 416 3031 ιιιιειςιεὶιιι
437 2939 487 3028 ιι)
500 2949 547 3026 ct
567 2958 636 3033 per
657 2936 830 3015 Wzdonem
845 2939 890 3016 de
914 2938 1117 3028 unfredum
1134 2946 1176 3038 o)'
1196 2967 1235 3028 et

168 3008 172 3082 ι
220 3077 278 3159 per
292 3050 538 3135 Borciordum
553 3066 590 3128 et
607 3053 859 3153 Beroaroom,
884 3069 922 3132 et
933 3048 1124 3133 mmmm
1138 3061 1236 3141 vilii-

167 3148 171 3254 ἶ
222 3196 309 3263 cum,
333 3185 373 3246 ct
387 3167 426 3245 in
435 3166 660 3268 ecclefiaper
668 3171 940 3267 meginhardum
954 3191 1042 3267 tunc
1057 3184 1262 3278 temporir1

221 3283 393 3384 priorem,
419 3300 456 3364 et
469 3308 538 3386 ρει
546 3287 806 3392 ularqoaroom
821 3293 1087 3395 praeposrtum,
1111 3314 1149 3374 et
1164 3323 1253 3399 per.

168 3425 171 3436 ¹
224 3401 408 3501 Butotfom
426 3402 637 3505 magistrum
659 3407 836 3505 nostrum,
860 3427 897 3486 et
909 3431 976 3508 per
995 3409 1239 3494 Dictbrcemum

168 3505 172 3606 i
225 3513 456 3614 conversum3
496 3516 687 3615 praeterea
715 3537 783 3619 per
810 3525 942 3598 multos
958 3521 1046 3598 alios
1059 3521 1239 3622 sapientes

168 3698 171 3713 ,
226 3640 257 3698 ει
277 3631 413 3730 probos
440 3648 515 3711 tam
539 3625 676 3714 liberos
705 3651 814 3734 quam
839 3634 1037 3714 familiares
1051 3655 1088 3714 et
1104 3639 1237 3724 servos.

168 3753 170 3822 ἕ
226 3735 315 3821 faeta
335 3745 417 3824 sunt
436 3745 529 3825 hacc
543 3748 606 3827 sub
629 3751 839 3832 conditione
854 3749 976 3832 sinite
986 3756 1151 3837 Romane
1166 3763 1238 3840 Ec-

169 3846 176 4028 ι
227 3856 320 3936 ciesre
343 3877 381 3938 et
406 3859 540 3941 horum
562 3862 707 3942 testium
728 3865 1014 3944 confirmatione.
1102 3861 1260 3952 Calixro'

172 4037 176 4069 ,
230 3973 422 4069 presrdeute
446 3976 485 4058 iu
509 3977 601 4057 Sede
623 3978 657 4057 S.
671 3983 836 4061 Romane
863 3973 1039 4080 ecclesie,
1081 3988 1241 4066 Heinrico

228 4085 359 4188 iuniore
379 4111 557 4200 regnante
573 4095 820 4212 imperatore,
856 4119 892 4185 et
910 4101 1089 4208 Episcopo
1105 4129 1244 4208 orgen.

506 4264 509 4272 Δ
1111 4221 1239 4308 tinensr
1274 4277 1276 4279 >
