3209 4992
373 447 431 532 ⁴⁸
753 429 994 572 ,Ἢ

326 643 332 653 ’
378 625 485 707 nobis
509 625 704 724 adimitur,
749 651 794 707 ea
814 645 969 730 propter
986 627 1132 708 consilio
1152 629 1312 709 fratrum
1331 653 1389 709 no·

378 745 557 841 strornm,
597 743 806 845 alsenluque
828 763 866 825 et
888 748 1145 825 benevolentia
1170 747 1390 826 venerandae

379 859 567 938 Mathildir
584 861 825 939 andelacensis
842 860 1230 941 abbatillieDomiuae
1242 863 1390 956 nomae,

379 974 748 1072 totiusque·Capituli
770 975 823 1054 sui
844 977 1027 1075 quoddam
1049 975 1269 1054 beneficium
1286 976 1393 1052 domi-

377 1113 427 1169 no
436 1087 605 1190 friderico
626 1089 735 1166 militi
757 1091 802 1166 de
820 1088 944 1167 sarram
964 1094 1132 1165 Germano
1148 1089 1188 1180 f)
1204 1088 1323 1166 nobili
1334 1088 1393 1166 sci·

377 1201 465 1280 licet
480 1199 561 1277 viro
576 1200 796 1279 unanimiter
817 1201 883 1276 tuli
901 1199 1110 1278 conditione
1135 1199 1393 1293 constituimus,

378 1316 516 1399 scilicet
541 1334 583 1392 ut
599 1317 732 1393 Carros
758 1315 899 1392 nostros
921 1313 1038 1392 viilui
1057 1315 1178 1394 nostro
1203 1302 1395 1391 becellaria

314 1459 318 1466 ·
369 1447 562 1535 portantes
585 1453 669 1508 cum
694 1429 903 1507 hominibus
920 1428 1049 1507 nostris
1069 1427 1249 1507 veniendo
1273 1447 1315 1506 et
1339 1451 1393 1505 re·

376 1545 522 1622 deundo
534 1566 557 1620 a
568 1543 742 1644 prodidis
760 1544 970 1645 raptoribus
987 1544 1202 1640 defendere,
1227 1561 1265 1622 et
1284 1545 1393 1644 usque

374 1665 422 1742 ad
445 1685 510 1741 uos
531 1663 736 1739 conducere
761 1663 912 1741 studeat.
945 1663 1017 1740 hoc
1041 1662 1091 1739 est
1115 1679 1239 1739 autern
1260 1661 1396 1739 benoli-

373 1779 498 1870 cium,
532 1778 630 1876 quod
647 1777 880 1882 stivagiensis
897 1779 1056 1859 Ecclefia
1080 1781 1200 1860 eidem
1219 1778 1396 1860 Friclen’co
1431 1824 1432 1895 Ν

373 1895 522 1998 singulis
548 1894 677 1993 annis,
702 1897 861 1998 quandiu
885 1895 1106 1986 condulium
1124 1898 1231 1978 illum
1247 1898 1395 1995 fecerit,
1432 1932 1433 1985 l

373 2015 462 2092 dare
477 2009 655 2109 debebit,
690 2009 775 2090 octo
803 2010 976 2090 videlicet
1011 2033 1181 2098 nummos
1210 2010 1395 2100 tullenses,
1433 2040 1434 2085 l

371 2119 634 2220 dimidiamque
656 2120 828 2201 asmatam
846 2121 944 2218 vini,
1001 2141 1039 2199 et
1058 2120 1206 2200 curiale
1231 2120 1396 2196 modium
1434 2147 1435 2168 ι

373 2262 533 2339 avenae,
574 2242 671 2338 quod
690 2239 914 2317 srPraelatus
933 2235 1095 2339 ejusdem
1117 2237 1297 2316 Ecclesiae
1316 2239 1396 2337 pla·
1435 2254 1436 2277 ³

372 2356 488 2434 citum
504 2351 609 2430 suum
617 2352 790 2444 tenuerit,
801 2369 839 2428 et
852 2350 981 2451 aliquis
995 2351 1186 2430 homiuum
1196 2347 1395 2430 suafiorum
1436 2361 1437 2382 ¹

371 2475 420 2553 ad
435 2468 658 2572 prebendam
678 2467 777 2548 suam
791 2468 1031 2571 spetiantium
1043 2486 1242 2562 contumax
1256 2487 1323 2546 aut
1336 2490 1395 2545 re-

369 2586 485 2667 belles
510 2580 692 2680 extiterit,
737 2585 797 2660 vel
818 2583 1010 2662 hominum
1032 2582 1222 2683 capitalem
1233 2581 1393 2659 Censum

368 2694 583 2781 debentium
598 2717 673 2772 non
689 2695 847 2793 dederit,
863 2715 927 2776 aut
946 2695 971 2773 fi
992 2696 1174 2796 quispiam
1190 2699 1394 2774 eorundem

367 2813 560 2917 hominum
584 2835 737 2892 uxorem
757 2814 802 2890 do
822 2816 972 2895 alterius
983 2813 1138 2907 familia,
1163 2814 1223 2890 vel
1240 2813 1311 2890 alia
1323 2815 1395 2891 Ec-

370 2933 476 3015 clefia
501 2932 568 3012 fibi
598 2925 846 3032 copulaverit,
883 2933 1011 3034 etjam
1034 2929 1394 3032 diiiumfridnicum

367 3054 416 3130 ad
431 3051 675 3129 cohercendos
703 3051 784 3128 illos
809 3051 909 3128 idem
923 3051 1105 3129 Praelatus
1127 3047 1194 3125 fibi
1217 3072 1395 3130 convaca-

366 3167 487 3259 verit,
534 3168 580 3242 de
611 3167 813 3263 quantitate
837 3165 982 3245 frudius
1007 3164 1394 3244 emendationis-duae

366 3285 514 3386 quidem
530 3300 666 3384 partes,
691 3284 869 3380 Praelato,
893 3286 1004 3361 tertia
1017 3307 1107 3362 vero
1127 3285 1198 3362 erit
1206 3285 1391 3384 friderico

364 3402 515 3482 Praeter
534 3400 626 3476 haec
647 3414 769 3474 autem
785 3397 878 3474 nihil
899 3399 996 3474 aliud
1014 3417 1142 3477 contra
1164 3405 1390 3479 voluntatem

253 3521 264 3530 “
364 3515 522 3595 l’raelati
537 3515 646 3592 debet
661 3513 844 3613 accipere,
860 3537 930 3592 nec
947 3512 1130 3605 colledias,
1153 3513 1390 3596 velexaiiio·

364 3651 430 3706 nes
446 3627 583 3726 aliquas
601 3626 711 3728 super
736 3629 883 3708 eosdem
904 3627 1070 3706 homines
1096 3629 1301 3728 praesumat
1330 3627 1390 3706 fa·

367 3761 464 3825 cere.
492 3745 590 3841 quod
609 3742 637 3821 li
664 3744 799 3823 fecerit
820 3763 857 3824 et
873 3746 1045 3824 continuo
1074 3750 1390 3827 non‘emendave·

364 3859 442 3950 rit,
468 3857 649 3936 Praelatus
669 3856 828 3956 eiusdem
847 3858 1027 3937 Ecclesiae
1051 3882 1120 3937 ceu
1137 3863 1389 3940 excommuni-

367 3989 489 4052 catum
504 3995 525 4049 a
540 3968 575 4046 se
590 3969 773 4070 abijciens,
798 3974 1009 4074 praefatum
1023 3973 1242 4054 beneficium
1263 3978 1390 4060 illiau·

315 4085 322 4099 ‘
366 4084 490 4187 ferre,
523 4103 560 4165 et
578 4085 685 4165 alteri
700 4087 800 4168 fideli
817 4091 900 4174 viro
921 4090 1080 4171 studebit
1099 4091 1319 4194 mancipare.
1346 4117 1387 4180 ut

1263 4226 1388 4295 alitem
