3209 4992
546 368 824 477 ,Q
883 371 990 448 .'-
1120 392 1221 490 ,ιιι

279 652 282 659 ,
394 658 396 665 r
632 576 827 689 Xan

186 748 572 832 INNOCENHUS
583 748 647 829 PP.
668 753 715 829 11.
742 748 1222 837 PRAEDECESSORUM

189 866 400 943 SUORUM
426 868 634 941 PASCAL'IS
653 871 697 944 ll.
725 870 905 940 cntlrrr
920 871 961 940 11.
990 870 1221 943 Emblono-

241 986 680 1084 n1311.1³1t1vnEG1A
705 988 939 1058 ABBATIAE
963 989 1176 1063 WALBUR·

341 1102 484 1175 GENSI
508 1105 742 1181 CONCESSA
768 1105 1068 1179 CONFIRMAT.

589 1214 831 1294 MCXXXIX

295 1349 348 1421 Ex
366 1348 575 1449 autographo
589 1344 742 1445 tabularij
755 1350 928 1460 Seminarij
944 1347 1146 1466 Episcopslit
1157 1353 1223 1425 At·

195 1444 412 1546 gentinensos.

233 1609 433 1695 nmcennus
455 1607 658 1713 Episcopus
686 1605 811 1688 servus
842 1609 1032 1689 servorum
1047 1609 1223 1711 Dei,1di·
1292 1670 1297 1681 .

261 1738 364 1818 letto
388 1736 463 1814 filio
480 1738 677 1815 Dittimaro
700 1739 830 1818 abbati
855 1738 1062 1817 monasterii
1078 1738 1225 1821 Sandia-
1249 1821 1255 1831 x
1284 1799 1287 1804 ·

194 1879 282 1937 rum
313 1852 555 1951 apostolorum
578 1852 732 1951 Philippi
745 1880 748 1891 ·
762 1869 800 1931 ct
826 1851 952 1939 Jacobi
964 1903 977 1948 ,
1012 1870 1049 1929 et
1071 1854 1239 1952 Santrae,
1330 1899 1333 1907 ·

203 1970 278 2046 Wa
273 1985 409 2067 purgat
430 1964 611 2068 Virgmis,
637 1962 761 2063 quod
749 1991 787 2044 1n
805 1964 1066 2066 Argentinenli
1055 1970 1225 2069 rEpisco-

196 2105 288 2189 patu
303 2086 400 2184 apud
409 2080 547 2181 sacram
566 2082 697 2159 Silvam
713 2080 820 2163 litum
840 2084 911 2180 est,
930 2081 1078 2184 ejusque
1091 2087 1226 2169 suocess

197 2202 345 2287 soribus
373 2200 592 2303 regulariter
636 2187 935 2279 substituendis
925 2217 1223 2301 inperpetuum
1315 2297 1319 2309 Ι

155 2355 160 2368 ·
200 2340 288 2399 cum
315 2339 362 2393 ex
381 2307 543 2412 injundlo
567 2314 674 2390 nobis
689 2334 710 2387 a
727 2314 889 2392 Domino
910 2314 1126 2414 apostolatus
1146 2317 1226 2400 offi-

199 2435 260 2513 cio
277 2425 508 2508 eccleliarum
527 2444 564 2505 et
579 2432 704 2511 eccles
706 2420 897 2511 ostrearum
909 2428 1145 2530 personarum
1162 2458 1227 2513 cu·

199 2574 283 2632 ram
298 2568 431 2649 gerere
447 2545 655 2643 debeamus,
680 2547 750 2626 illis
772 2564 895 2623 tamen
913 2544 1069 2623 ecclcfiis
1088 2567 1226 2631 conve·
1308 2572 1312 2585 ¹

200 2663 257 2742 nit
272 2679 339 2737 nos
355 2655 567 2766 propenfius
579 2657 795 2756 intendere,
822 2680 894 2758 que
911 2657 1010 2735 beati
1025 2660 1126 2735 Petri
1132 2657 1226 2756 juris

202 2777 377 2870 existunt,
401 2789 436 2849 et
456 2775 504 2847 ad
518 2772 634 2871 ipsum
651 2774 857 2873 specialiter
873 2770 1060 2875 pertinere
1075 2775 1228 2865 noscun-

202 2910 278 2972 tur.
279 2888 459 2989 proinde
475 2886 607 2979 dilptle
625 2887 664 2967 in
684 2890 847 2968 Domino
872 2886 925 2966 fili
941 2888 1133 2963 Dittimare
1160 2890 1227 2970 ab·

203 3011 268 3087 bas
285 3006 358 3083 tuis
386 3004 665 3083 rationabilibus
700 3003 998 3106 postulationibus
1028 3002 1228 3083 clementer

202 3114 413 3207 annuimus,
439 3129 475 3190 et
490 3110 854 3213 monasterinmsaore
873 3114 997 3212 Sploe,
1021 3136 1082 3190 cut
1069 3112 1227 3189 autho·

203 3263 246 3319 re
265 3234 351 3312 Deo
378 3228 516 3329 preesse
543 3232 800 3332 dignosceris,
841 3230 1150 3334 subapollolice
1136 3212 1228 3312 se'dis
1362 3265 1364 3274 ·

159 3402 160 3411 ι
204 3354 321 3433 tutela
348 3364 383 3425 et
405 3344 634 3449 protedlione
652 3345 876 3479 liticipimm,
902 3366 939 3427 et
960 3325 1228 3445 apostolicese·

207 3461 472 3561 disprivilegio
500 3462 778 3549 communimus.
820 3460 1012 3540 adinstar
1001 3477 1124 3557 itaque
1146 3480 1231 3559 pre-

208 3570 431 3654 decefforum
462 3574 665 3651 nostrorum
698 3572 816 3679 felicis
846 3569 1024 3651 memorie
1049 3569 1226 3669 paschalis,

160 3690 343 3773 calixti
364 3705 399 3764 et
423 3690 566 3765 Honorii
579 3695 644 3788 a),
679 3690 919 3786 statuimus,
931 3706 971 3763 ut
999 3689 1229 3819 quascunque

209 3803 457 3911 porseffiones,
484 3826 697 3901 quecunque
714 3805 810 3880 bona
832 3800 1105 3880 anobilibus
1070 3800 1158 3878 vnis
1177 3818 1228 3877 at·

212 3930 281 4016 que
298 3918 529 4026 principibus
543 3918 718 3995 Friderico
737 3916 865 4010 Duce,
890 3929 926 3990 et
946 3914 1051 3994 Petro
1069 3911 1230 4012 ejusdem

212 4033 279 4113 loci
301 4021 573 4186 fundatoribus,
595 4032 657 4113 seu
672 4032 718 4114 ab
735 4029 815 4115 81115
829 4026 904 4110 Dei
920 4017 1087 4112 fidelibus
1105 4030 1150 4107 de
1164 4026 1226 4106 suo
1332 4113 1340 4125 x

162 4206 163 4213 a
1144 4144 1228 4247 juro
