3209 4992
574 406 815 620 ,aa
1069 393 1181 579 „a

224 661 543 788 caprnnnttens
557 656 880 777 testimonialibus
894 675 976 764 snt
994 679 1155 778 nuno,
1186 694 1230 764 et
1345 746 1347 751 .
1429 635 1430 680 ³

222 807 299 891 hoc
317 809 431 908 ideo,
471 814 564 919 quia
580 836 652 916 per
667 811 907 895 Sacerdotes
925 807 1122 914 implices
1143 831 1230 889 non
1335 891 1345 906 ,
1430 849 1431 896 r

220 936 347 1040 potest
380 939 432 1024 de
461 937 567 1020 facili
586 941 804 1023 litterarum
838 938 983 1020 veritas
1013 956 1055 1020 et
1083 935 1229 1020 falfitas
1330 1041 1333 1055 .
1430 943 1431 962 ¹

217 1055 391 1165 judicari,
403 1067 475 1151 Et
490 1070 608 1174 igitur
628 1068 711 1177 hoc
726 1066 800 1181 suo
812 1068 925 1174 penis
939 1068 978 1147 in
995 1065 1141 1148 eodem
1154 1063 1229 1185 sta·

222 1211 308 1277 tuto
334 1198 559 1296 contentis,
603 1196 815 1306 videlicet,
851 1182 963 1302 quod
988 1217 1231 1306 quecunque

216 1327 380 1426 persona
396 1323 657 1416 ecclesrastica
668 1344 811 1410 contra
826 1327 927 1408 hanc
945 1323 1115 1408 formam
1128 1329 1230 1409 tales

217 1458 412 1558 reciperet
424 1459 597 1550 litteras,
626 1453 711 1559 ipso
722 1452 812 1555 jure
828 1456 878 1535 ab
895 1455 1027 1536 officio
1046 1474 1090 1538 et
1105 1457 1242 1559 bene-v
1339 1489 1342 1514 ι

217 1575 307 1660 ficio
318 1607 392 1686 per
407 1583 617 1664 triennium
627 1578 676 1662 stt
683 1577 878 1684 suspensa,
897 1563 1010 1686 quod
1022 1581 1088 1697 hic
1100 1580 1234 1664 totali·

221 1724 277 1792 ter
296 1734 371 1813 pro
396 1709 542 1792 inserto
564 1710 714 1792 habere
747 1707 936 1788 volumus
960 1727 1001 1792 et
1031 1705 1230 1814 exprelio‚

222 1837 415 1944 quodque*
432 1851 601 1942 propter
625 1836 707 1916 hoc
730 1832 1128 1940 perpredecessores
1153 1861 1230 1918 no-

219 1949 313 2040 stros
336 1957 675 2062 archiepiscopos
693 1955 956 2063 Maguntirros
983 1982 1034 2040 ex
1059 1961 1235 2066 longeva

220 2078 505 2166 consuetudine
535 2078 806 2164 introductum
831 2081 967 2165 existat
994 2101 1035 2166 et
1060 2081 1234 2174 limiliter

222 2210 422 2294 observari
437 2213 654 2306 volumus,
685 2207 735 2290 ad
752 2208 980 2292 evit-andum
996 2212 1145 2294 crimen
1160 2213 1244 2296 fal,

219 2339 336 2426 sitatis
358 2345 591 2437 litterarum,
622 2340 736 2450 quod
751 2363 773 2421 a
790 2340 923 2422 multis
951 2338 1133 2444 falsatus,
1164 2367 1235 2425 ex·

219 2468 412 2575 perientia
435 2491 569 2548 rerum
582 2462 770 2575 Magistra
794 2465 995 2548 edocente
1022 2469 1236 2553 committi·
1264 2495 1268 2514 ⁴

220 2617 281 2680 tur
295 2617 338 2682 et
354 2597 574 2704 specialiter
588 2621 660 2700 per
680 2598 790 2678 bone
806 2596 999 2678 memorie
1013 2595 1239 2687 Dominum

213 2721 423 2848 johannem
447 2719 771 2831 Predecellorem
808 2719 984 2806 nostrum
1026 2723 1098 2808 sub
1131 2753 1238 2834 pena

221 2850 642 2946 excommunicationis
653 2852 732 2954 jam
760 2857 839 2934 late
855 2851 1048 2938 sententie
1065 2859 1236 2940 rationa-
1312 2881 1316 2890 ·

221 2991 352 3073 biliter
374 2989 493 3070 vobis
516 2983 761 3090 prohibitum
793 2979 914 3062 fuerit
932 2997 974 3060 et
994 2981 1260 3090 mandatum,-

222 3135 265 3198 ut
283 3116 383 3200 nulli
401 3113 540 3195 litteris
551 3107 792 3215 Apostolicis
807 3125 853 3187 et
877 3106 1042 3187 aliorum
1065 3093 1238 3192 Prelato.¹

222 3265 305 3326 rum
322 3231 522 3336 utantur,'
544 3261 610 3320 eas
633 3236 852 3340 recipiant,
897 3231 1032 3338 legant
1048 3253 1123 3328 ‚aut
1143 3257 1239 3317 exe·
1261 3230 1264 3254 ¹

223 3389 415 3478 quantur,
459 3364 532 3448 nisr
553 3365 644 3470 ipsu
661 3364 769 3466 prius
792 3361 1019 3440 examinatis
1039 3375 1082 3461 et
1101 3359 1240 3444 litteris

226 3495 573 3588 testimonialibus,
638 3512 718 3595 que
746 3478 910 3570 uidimus
944 3503 1242 3590 nuncupantur,
1281 3569 1286 3577 ,

228 3625 392 3729 desuper
407 3621 601 3713 obtentis,
629 3612 908 3720 nichilominus
931 3625 1064 3692 tamen
1081 3609 1253 3720 quidam,

228 3746 436 3856 iniquitatis
465 3741 534 3847 filij
557 3757 599 3841 et
627 3735 899 3842 protervitatis
930 3755 1075 3840 penam
1098 3738 1243 3839 prefati
1355 3783 1357 3788 -

230 3871 354 3957 statuti
371 3891 415 3956 et
431 3875 504 3955 alia
524 3863 705 3975 premilla
718 3887 804 3944 non
825 3863 1082 3946 advertentes
1104 3863 1243 3967 hujus·

230 4003 334 4086 modi
347 3994 735 4106 papalesetaliorum
743 3987 991 4073 Prelatorum
1000 3985 1147 4070 litteras
1161 3979 1247 4068 abs*

225 4151 306 4235 ¹que
346 4111 490 4232 nostris
523 4120 662 4237 litteris
697 4110 1022 4200 testimonialibus
1057 4127 1182 4220 prout
1223 4135 1245 4189 a

240 4274 243 4279 ⁴
547 4261 550 4266 ·
717 4258 828 4322 'cn
1107 4255 1245 4344 quam-

1433 4209 1440 4338 l
