3209 4992
301 493 393 575 sa
600 588 606 627 s
744 465 953 570 *W

344 661 504 760 Debitae
517 655 730 742 humilitatis
749 677 786 740 et
801 657 1003 741 deuotionis
1020 652 1228 737 obedientia
1242 649 1369 759 fingu-
1439 734 1440 759 ,

343 779 399 876 la,
432 800 525 878 quae
542 776 640 853 circa
655 800 718 854 nos
732 794 917 880 aguntur,
952 778 997 855 ad
1015 774 1205 878 majestatis
1223 775 1370 852 vestrae
1439 764 1440 835 i

344 893 566 980 audientiam
588 895 811 996 perferenda
824 895 1060 997 putavimus,
1098 889 1274 993 quatenus
1294 907 1371 969 eta

343 1014 449 1098 nobis
472 1010 719 1114 negligentiae
737 1016 880 1112 culpam
895 1033 1169 1108 removeamus,
1196 1017 1232 1085 et
1249 1030 1372 1108 quan·
1440 1024 1441 1035 ¹

341 1152 421 1214 tum
443 1131 586 1208 nostrae
598 1128 786 1227 parcitatis
809 1128 887 1219 est,
928 1125 966 1206 in
986 1124 1152 1225 hisquae
1174 1123 1277 1202 nobis
1297 1147 1370 1202 ηο·

342 1247 439 1329 toria
462 1241 563 1337 sunt,
603 1240 833 1319 serenitatem
860 1238 1015 1316 vestram
1050 1234 1364 1337 praemuniamus.

324 1365 459 1463 ‚frater
480 1357 601 1439 noster
625 1363 716 1435 euno
733 1355 996 1458 argentinense
1022 1354 1218 1454 Episcopus
1242 1353 1367 1435 statim

243 1519 246 1526 Δ
326 1469 422 1587 ,post
442 1471 621 1554 Remense
636 1471 832 1550 concilium
849 1469 1134 1550 miscricordiam
1155 1466 1370 1572 postulavit,
1441 1526 1442 1575 ,

342 1601 382 1674 et
402 1619 425 1672 a
446 1591 629 1681 cardinali
645 1590 790 1670 sandlae'
810 1595 1000 1687 Romanae
1017 1583 1198 1669 Ecclesiae
1221 1590 1370 1668 absolu·
1441 1588 1442 1591 ‘

342 1710 481 1790 tionem
503 1706 654 1806 recepit.¹
687 1707 749 1807 qni
775 1731 860 1786 cum
875 1709 978 1808 prius
998 1710 1035 1786 in
1057 1707 1229 1807 obsequio
1249 1706 1370 1804 Regis

343 1811 476 1900 aiiidue
492 1816 626 1915 fuisset,
654 1815 758 1917 saepe
775 1817 860 1897 eum
881 1821 1102 1917 monuimus,
1127 1838 1168 1898 ut
1183 1821 1370 1909 Ecclesiae

342 1936 418 2016 Dei
435 1933 616 2028 obediret,
632 1948 667 2010 et
683 1950 723 2009 nt
740 1935 810 2012 hac
827 1934 887 2012 via
895 1935 1011 2036 magis
1022 1935 1284 2036 proficeremus
1306 1959 1369 2013 ca·

261 2067 263 2074 ‘
342 2049 497 2144 nonicis,
526 2063 565 2126 ut
578 2048 624 2123 ab
642 2044 715 2146 ejus
735 2071 861 2128 errore
883 2053 1112 2145 recederent,
1128 2051 1225 2127 etad
1246 2051 1370 2130 unita·
1442 2108 1443 2121 ι

341 2183 417 2251 tem
436 2161 535 2261 pacis
552 2159 686 2236 Christi
701 2161 885 2257 redirent,
918 2161 1127 2241 multotiens
1145 2159 1366 2261 scripfimus.
1442 2154 1443 2163 Ν

239 2379 241 2385 ,
340 2277 420 2359 Ulli
434 2275 602 2351 veronon
612 2288 750 2350 tuntum
760 2274 1009 2354 inobedientes
1018 2274 1369 2376 permanseruntsed

342 2395 482 2476 vestrae
507 2385 733 2466 auctoritatis
748 2389 908 2488 litteras,
946 2414 1032 2490 quas
1049 2389 1237 2469 novilirme
1251 2391 1290 2470 in
1307 2395 1369 2474 id-

339 2505 460 2608 ipsum
486 2505 536 2586 eis
558 2504 846 2604 transmisimus,
889 2508 1034 2611 aperire
1063 2525 1100 2585 et
1129 2503 1372 2612 legere'con·

259 2686 261 2694 ,
338 2625 581 2725 tempserunt.
634 2622 821 2720 Postquam
843 2643 964 2702 autern
987 2617 1370 2723 absolutusfuitEpis-

163 2745 166 2752 ’
343 2749 478 2846 copus,
519 2736 628 2812 corde
654 2751 690 2812 et
714 2757 871 2833 corpore
896 2738 941 2814 ab
965 2739 1193 2835 Imperatore
1221 2734 1256 2814 se
1279 2732 1371 2810 sub-

197 2877 205 2892 ·
341 2851 484 2947 liraxit,
510 2849 598 2956 etin
618 2849 764 2928 sarvitio
782 2873 827 2956 ac
842 2850 1204 2932 fidelitateEcclesrae
1219 2866 1370 2927 utcum-

342 2989 414 3072 que
426 2963 576 3042 iniust'os
596 2979 837 3064 etpeccator,
862 2964 977 3042 fidelis
996 2981 1118 3060 tamen
1136 2980 1172 3060 et
1189 2959 1285 3039 utilis
1301 2983 1371 3037 ve-

340 3082 459 3170 titatis
476 3079 623 3158 assertor
639 3080 847 3179 permansit.
887 3079 1104 3160 omnimodis
1135 3102 1217 3156 eum
1239 3077 1370 3176 persei

342 3217 477 3304 quente
502 3215 538 3298 et
560 3217 643 3272 cura
663 3192 801 3294 judicio
818 3198 975 3276 fratrum
993 3199 1196 3274 nostrorum
1216 3199 1367 3274 canoni.

313 3349 322 3374 ¹
341 3340 424 3399 carn
445 3330 482 3392 et
500 3333 628 3388 uocem
651 3327 687 3386 et
703 3310 923 3388 audientiam
942 3311 1147 3409 amiserint,
1179 3308 1368 3415 omnibus,

342 3436 474 3536 quibus
498 3429 642 3530 poliunt
664 3427 822 3524 inlidiis,
870 3451 955 3507 eum
983 3428 1274 3506 circumveniunt
1295 3427 1374 3507 hac

341 3544 527 3626 occasrone
543 3558 716 3642 accepta,
740 3541 945 3640 Imperator
967 3556 1041 3616 tam
1061 3541 1167 3641 gravi
1183 3560 1266 3616 cum
1279 3536 1368 3616 odio

339 3658 552 3770 prosecutus
569 3655 640 3752 est,
674 3673 713 3734 ut
731 3653 897 3731 omnibus
917 3653 1027 3730 rebus
1047 3651 1116 3730 sois
1145 3676 1228 3730 eum
1254 3647 1367 3728 abra·

340 3771 427 3854 serit
444 3786 481 3844 et
498 3768 543 3843 de
560 3766 707 3844 civitate
722 3766 905 3866 expulerit
924 3769 961 3856 c)
978 3767 1076 3864 quod
1095 3781 1211 3844 totum
1227 3759 1364 3841 all'ecu·

302 3899 304 3904 ·
340 3889 398 3956 tus
413 3882 463 3957 est
481 3881 684 3980 imperator
701 3880 958 3980 compofitione
975 3877 1079 3981 hujus
1096 3880 1255 3982 paclsd)
1272 3877 1366 3974 'cruia

314 4006 424 4068 ¹ante
444 3993 612 4072 adversus
636 3994 855 4095 Episcopum
885 3998 1098 4093 praeualere
1124 3999 1198 4073 non
1225 3990 1361 4092 potuit,

339 4129 389 4191 ex
413 4133 485 4213 quo
507 4102 561 4193 'ab
588 4135 636 4194 eo
665 4113 842 4203 recedens
866 4110 1064 4215 Episcopus
1085 4115 1133 4195 ad
1162 4103 1364 4193 Ecclesiam

1294 4271 1358 4334 18·
